3208 5006
273 486 326 538 732
495 483 613 538 LIBER
631 484 881 542 GRONIOORUM
899 485 1169 546 ERFORDENSIS.

380 659 436 746 2¹³)
479 666 583 731 Coelen
617 666 819 734 bibliothecae
848 669 894 734 M
897 667 1164 750 aiioinpeusis
1197 667 1396 733 serenissimi

267 753 431 835 principis
460 757 497 820 ele
524 755 925 839 Oeutupeu-Waoersmn,
955 777 1015 838 quo
1037 757 1261 840 benipmssime
1291 777 1394 824 conce·

274 843 364 907 ciente
378 843 568 909 Beroliuum
590 844 671 909 mibi
688 846 836 926 precanti
858 845 1066 912 transmissus
1088 853 1141 928 est,
1165 845 1311 928 mpnatses
1326 847 1393 910 Le

276 929 382 1015 (Lat.)
406 932 463 1012 fol.
489 938 529 995 32
542 934 562 1014 ¹,
592 934 693 999 ebert.
717 935 783 1017 fol,
810 941 871 999 122
900 934 1061 1014 foliorum,
1092 957 1123 999 a.
1151 940 1246 999 1453.
1269 936 1395 1000 mendo

272 1020 397 1086 sissim
418 1021 554 1104 scriptus
563 1024 583 1104 ²,
609 1045 678 1088 cum
693 1023 794 1088 IJibro
810 1024 1015 1104 cronicorum,
1039 1023 1095 1105 qui
1110 1025 1195 1089 solus
1217 1024 1274 1089 boc
1289 1022 1395 1089 codice
1412 1043 1427 1082 s

273 1108 458 1190 continetur,
482 1111 690 1192 urbscrnptum
719 1112 778 1177 sit:
808 1114 960 1198 Explicit:
990 1114 1145 1197 hystoria.
1168 1114 1309 1178 Eusebii
1332 1134 1395 1197 per

274 1220 328 1265 me
353 1200 542 1265 Iohannem
568 1201 701 1267 Stirner
731 1204 774 1267 de
797 1203 1058 1281 Nova-civitate,
1084 1198 1274 1284 Sindensli)
1302 1202 1393 1267 alme

274 1289 508 1353 universitatis
525 1289 764 1366 Erffordensis,
789 1295 886 1356 sexta
908 1293 997 1358 ieris
1019 1296 1098 1376 post
1120 1293 1274 1357 omnium
1298 1312 1393 1356 sene·

274 1381 398 1440 torum.
434 1379 536 1442 Anno
560 1379 702 1443 Domini
724 1380 909 1446 ΜΟΟΟΟΟ0
931 1381 1214 1465 quinquagesimo
1238 1381 1392 1445 octavos

388 1465 509 1532 Unicus
537 1466 593 1547 qui
621 1474 723 1533 ecstut
751 1471 846 1534 codes
872 1469 984 1534 tertiae
1006 1469 1118 1534 elensis
1141 1489 1175 1534 eo
1198 1490 1268 1534 aum
1289 1469 1394 1533 attera
1405 1490 1433 1528 10

274 1555 373 1618 classe
407 1555 559 1630 conuenit,
594 1558 678 1637 quoii
709 1577 774 1622 non
808 1558 899 1623 babet
928 1564 1099 1622 extremam
1127 1557 1324 1639 particulam
1355 1578 1394 1622 sa

275 1642 426 1708 Heinrici
449 1645 487 1708 de
505 1645 690 1710 Heroorclia
713 1647 794 1710 libro
816 1647 1006 1728 descriptam
1028 1669 1059 1712 a.
1080 1652 1173 1728 1330,
1197 1649 1253 1712 sed
1274 1648 1314 1711 ab
1333 1647 1394 1711 boc

273 1738 304 1796 et
319 1731 432 1813 prima
454 1734 552 1798 classe
574 1733 780 1800 multiscius
803 1735 919 1814 differt.
960 1736 1053 1801 Solus
1075 1735 1167 1800 babet
1189 1742 1305 1816 notam,
1329 1756 1393 1816 qun

275 1827 384 1886 auctor
407 1821 485 1886 dicit
506 1843 538 1887 ss
561 1823 645 1888 bunc
667 1823 783 1888 librum
806 1846 836 1888 a.
856 1831 950 1888 1345.
974 1823 1137 1907 incepisse.
1173 1825 1277 1889 Haud
1290 1822 1393 1906 pau-oi

275 1909 336 1976 loci
365 1909 401 1975 iu
430 1912 486 1976 boc
515 1913 579 1976 solo
606 1912 709 1977 codice
731 1913 885 1995 lepuntur,
916 1934 1049 1996 quorum
1071 1913 1218 1978 nonnulli
1240 1933 1279 1977 ee
1300 1912 1394 1976 libris
1405 1938 1432 1976 1s

158 2002 160 2006 ’
274 2000 314 2065 ab
338 2006 464 2065 auctore
485 1999 651 2082 suscriptis
673 2001 789 2083 sumpti
812 2008 894 2082 sunl,
917 2008 953 2066 ut
975 2003 1059 2068 locus
1082 2025 1112 2068 a.
1130 2007 1205 2066 461.
1229 2023 1268 2066 eu
1289 2001 1392 2065 Eone-

275 2087 372 2152 bardi
400 2087 568 2170 Chronico,
591 2112 622 2155 o.
648 2096 722 2153 634.
746 2089 833 2170 (134)
856 2112 894 2156 ec
922 2090 1083 2170 Gotifredi
1106 2091 1282 2157 Pantheon.
1321 2091 1393 2155 Hos

275 2183 355 2242 certe
389 2179 428 2242 ab
462 2177 531 2259 ipso
564 2185 690 2244 auctore
723 2179 857 2260 scriptos
890 2202 955 2245 esse
993 2179 1139 2244 censebis.
1191 2179 1264 2244 Alii
1300 2179 1393 2243 multi

275 2288 306 2329 a.
326 2272 421 2330 1203.
446 2273 540 2330 1204.
566 2273 660 2331 1208.
688 2273 783 2332 1212.
810 2275 904 2332 1214.
931 2274 1026 2333 1216.
1055 2275 1149 2332 1240.
1177 2274 1271 2332 1246.
1296 2274 1391 2331 1250.

278 2360 371 2418 1266.
404 2361 497 2419 1270.
533 2355 616 2420 inter
649 2363 793 2439 excerpto
829 2357 984 2423 (ironicae
1015 2355 1432 2423 Reinbarelsbrunnensisso

274 2445 445 2508 semipedum
474 2444 618 2509 ordinem
647 2466 806 2510 annorum
838 2445 953 2511 inserti
985 2446 1203 2512 inueniuntur.
1253 2447 1392 2527 Quonim

275 2532 423 2596 amerelli
456 2554 524 2597 cum
560 2533 706 2599 Orouicis
733 2535 987 2614 Erforclensibus
1016 2534 1268 2617 Enpelbusianis
1299 2535 1394 2614 infra

274 2619 367 2684 editis
389 2627 425 2684 ut
439 2621 592 2702 permulti
614 2622 674 2688 toci
697 2623 881 2704 appendicis
896 2623 991 2690 libri
1014 2623 1220 2706 cronicorum,
1244 2623 1305 2688 alii
1324 2644 1393 2689 cnm

274 2708 460 2774 Annalibus
481 2710 624 2776 brevibus
642 2711 926 2778 Wormatiensibus
943 2709 1187 2796 (Mopuntinis),
1210 2712 1394 2794 quibuscum

274 2797 368 2863 etiam
391 2820 476 2864 unus
498 2799 583 2864 locus
612 2823 641 2865 a.
669 2807 763 2882 1165,
795 2801 851 2882 qui
877 2801 914 2866 in
943 2801 1088 2866 omuibus
1118 2802 1276 2868 codicibus
1299 2801 1431 2866 bibliis

274 2887 472 2952 cronicorum
495 2888 617 2971 lenitur,
643 2889 823 2966 consentiti,
852 2897 880 2955 et
903 2911 973 2955 cum
996 2889 1122 2969 Sitririo
1145 2893 1184 2956 de
1205 2889 1392 2955 Batnbusiu

274 2976 475 3058 conueniunt,
511 2985 547 3042 ut
579 2977 708 3060 exposui
741 2977 795 3044 ίΝ.
819 2979 955 3044 Archio’
983 2979 1091 3061 XXI,
1125 3002 1160 3061 p.
1192 2984 1392 3044 504-513.

273 3189 338 3240 doto
362 3189 393 3240 de
417 3189 501 3241 codice
520 3191 557 3243 1²
578 3191 700 3256 refu-ret,
720 3190 859 3257 epilogum,
882 3190 917 3242 ab
933 3189 965 3244 L.
986 3189 1018 3244 F.
1038 3189 1120 3242 Hesse
1137 3196 1160 3243 et
1178 3189 1215 3241 K.
1234 3189 1391 3240 Hermann

273 3262 330 3312 iam
348 3275 381 3310 en
398 3261 483 3312 codice
499 3259 694 3313 Vindobonensi
710 3261 817 3326 clinem,
836 3262 982 3329 proprium
1000 3277 1053 3313 csse
1071 3262 1148 3312 itlius
1166 3261 1262 3313 codicis
1281 3263 1318 3315 1²
1335 3261 1392 3328 opi-

273 3339 395 3386 naretur.
428 3331 470 3394 Cf.
486 3332 589 3396 Wmcis,
610 3332 798 3398 ‘Entsteitunp’
815 3351 842 3399 p.
856 3335 898 3396 bl,
917 3349 944 3385 n.
959 3336 982 3387 1.
1040 3335 1068 3398 0)
1088 3333 1142 3395 Qui
1158 3332 1262 3399 quidem
1282 3333 1431 3395 erram't‚so

273 3419 331 3453 cnm
346 3420 375 3468 p.
389 3405 449 3456 453.
469 3405 628 3469 opinaretur
641 3403 781 3455 Cronicam
794 3405 925 3455 Minorem
944 3403 1011 3470 (aod.
1031 3404 1057 3454 D
1070 3405 1123 3466 1⁸)
1142 3404 1189 3455 icoc
1207 3403 1274 3456 libro
1291 3409 1392 3455 retroc-

274 3479 358 3524 tatam
383 3489 442 3526 esse.
481 3475 564 3526 Cuius
588 3475 691 3526 erroris
709 3474 802 3538 facitis
825 3477 902 3526 oenia
926 3475 951 3526 ei
975 3475 1067 3526 danda
1086 3483 1131 3541 est,
1153 3491 1214 3526 cum
1232 3489 1260 3527 co
1279 3481 1393 3541 temporo

274 3547 312 3608 (n.
334 3546 415 3606 1863)
429 3561 532 3612 porum
550 3546 581 3597 de
599 3545 643 3597 lis
660 3545 793 3597 chronicis
810 3551 948 3597 constaret.

382 3617 408 3682 l)
427 3615 523 3667 Primo
541 3615 622 3667 huius
640 3617 736 3668 mean
753 3619 851 3669 notitia
868 3618 932 3668 data
951 3622 987 3668 est
1005 3633 1023 3666 a
1045 3616 1095 3670 Tit.
1109 3617 1141 3668 ele
1153 3617 1229 3668 Korn
1248 3618 1278 3667 iu
1294 3616 1393 3668 ‘Nocit-

273 3687 376 3740 ricbten
393 3703 443 3738 oon
460 3689 509 3739 ‹ter
527 3687 599 3745 Hem,
619 3688 808 3740 Kommissiou'
827 3687 915 3753 111,4
934 3687 1035 3754 (1862),
1052 3705 1080 3754 p.
1099 3691 1159 3743 135.
1197 3687 1251 3751 Qus
1267 3687 1332 3740 liber
1350 3701 1430 3742 re-se

273 3761 342 3810 conti
366 3766 480 3826 tempore
503 3764 660 3824 compactus,
685 3761 716 3810 iu
733 3759 828 3811 scheda
846 3765 991 3824 tepumento
1009 3760 1181 3824 applutinotc
1198 3761 1322 3825 sipnotns
1339 3765 1393 3810 est:

274 3827 456 3883 Ekkehsrdus
472 3828 656 3898 Ursugiensis‚
675 3827 830 3883 Chronicon
848 3828 1000 3882 universale
1018 3845 1079 3881 eum
1099 3829 1291 3882 additamentis
1310 3828 1393 3882 histo·

274 3901 343 3953 riam
362 3899 556 3969 Thuringicam
582 3901 834 3968 complectentibus.
921 3903 949 3966 2)
979 3901 1052 3964 Quod
1071 3899 1099 3954 0.
1120 3901 1206 3966 Posse,
1233 3901 1295 3954 ‘Dic
1313 3901 1394 3953 Reim-

274 3972 410 4031 bardtsbr,
438 3972 696 4024 Gescbicbtsbicbsr'
710 3989 740 4039 p.
762 3977 802 4027 12.
828 3975 908 4037 aimo,
933 3972 1003 4023 hunc
1027 3971 1138 4024 codicem
1163 3973 1237 4038 lonae
1260 3973 1393 4025 mttoren

275 4050 375 4095 tentum
399 4045 524 4111 praebere
541 4059 622 4110 quam
639 4047 690 4110 2⁸,
716 4045 866 4111 approbare
883 4057 937 4095 non
960 4059 1075 4110 possum
1113 4044 1178 4095 Non
1195 4045 1300 4110 quidem
1317 4043 1430 4096 hubam

274 4115 358 4165 muna
376 4116 471 4167 merda
490 4114 571 4166 buius
590 4115 662 4180 libri,
681 4115 726 4166 sui
743 4118 886 4166 innumero
902 4115 968 4169 olio.
996 4115 1117 4166 Plurimi
1134 4117 1241 4167 numeri
1258 4129 1394 4166 annorum

275 4187 305 4236 in
330 4185 376 4236 boc
402 4187 470 4238 libro
494 4187 591 4238 litteris
611 4189 759 4253 perscripti
781 4191 851 4240 suut.
935 4186 963 4252 3)
989 4184 1062 4236 idem
1087 4184 1147 4240 Ion.
1172 4185 1280 4238 Stirner
1307 4185 1393 4238 codem

275 4272 300 4309 c.
322 4257 397 4312 1458.
420 4264 482 4324 post
508 4258 576 4324 Sept.
595 4261 639 4312 29.
665 4259 803 4324 exemplar
821 4257 948 4309 Chroriiei
971 4257 1090 4308 Martini
1115 4256 1288 4324 Oppooicusis
1312 4258 1393 4308 omiti-

274 4328 452 4394 nuntiusque
469 4328 506 4378 ad
523 4345 549 4382 a.
564 4331 640 4383 1453.
659 4331 776 4396 scripsit,
794 4329 864 4396 quod
882 4328 912 4379 iu
929 4329 1018 4380 ecdem
1036 4327 1192 4380 bibliotheca
1210 4328 1395 4394 Mailrinpensi

274 4403 403 4451 senatur.
442 4399 483 4460 Cf.
504 4400 547 4452 ίΝ.
567 4399 680 4451 Archio'
704 4401 765 4462 VII,
789 4417 818 4466 p.
839 4401 898 4454 174.
936 4399 978 4462 Cf.
999 4398 1102 4462 chcit,
1123 4399 1269 4453 ‘Zeitscbrl
1286 4415 1314 4465 p.
1332 4401 1431 4463 194,4t

275 4485 301 4521 n.
322 4471 345 4522 1.
418 4470 446 4535 4)
473 4469 515 4532 Os.
535 4470 579 4523 ‘N.
599 4470 713 4522 Archio'
732 4471 813 4534 XXI,
834 4487 864 4537 p.
884 4471 935 4524 512
947 4485 985 4536 sq.
