3214 4990
620 477 787 534 ORONIOA
806 477 941 536 MLNOR.
1288 485 1340 540 521

223 681 330 727 omnes
352 667 502 740 auctores,
529 661 585 743 aui
613 659 783 728 Granicum
812 669 954 727 nostram
983 662 1195 743 adhibuerint,
1219 685 1340 730 enume-

223 749 304 831 raoi,
336 770 401 815 non
431 749 546 831 dubito,
576 749 656 833 auin
682 749 745 816 iter
766 751 865 816 editos
887 755 979 833 atam
1001 751 1136 817 ineditos
1158 753 1271 834 plures
1291 753 1340 819 in·

221 838 328 904 ueniri
347 837 483 921 possint,
514 837 569 921 qui
598 859 668 904 eam
696 839 929 921 easarpseriut.
975 840 1051 906 Iam
1079 839 1155 906 binc
1177 841 1340 925 percipere

217 935 315 1010 pates,
345 935 419 1010 quot
448 927 566 994 codices
594 927 749 995 Grouicae
778 926 925 994 Minoris
952 927 990 994 iu
1017 929 1196 996 Germania
1224 937 1339 1013 septen-

191 1015 357 1082 strionali
379 1015 454 1083 olim
476 1016 642 1082 eructantes
662 1015 829 1099 perierint,
853 1016 908 1082 ubi
931 1016 1083 1099 permulti
1105 1025 1247 1084 auctores
1269 1041 1340 1085 emn

221 1105 464 1187 easmupserunt,
480 1126 566 1171 nunc
580 1111 684 1170 autem
699 1112 762 1171 tres
777 1112 898 1172 tantum
921 1105 998 1171 libri
1012 1113 1190 1189 seruantur,
1214 1127 1285 1173 cum
1302 1108 1340 1173 in

227 1193 406 1260 Germanic
438 1193 656 1275 meridionali,
689 1194 745 1260 ubi
781 1194 858 1261 baec
896 1194 1035 1261 Granico
1067 1195 1174 1262 minus
1210 1197 1339 1280 oulpcta

222 1288 300 1363 erat,
333 1289 398 1349 octo
427 1283 577 1365 hodieque
605 1282 813 1348 inveniamur
835 1290 966 1366 praeter
995 1286 1073 1350 duos
1105 1283 1143 1350 in
1171 1284 1337 1366 Babemia,

221 1392 321 1436 unum
342 1371 380 1436 in
410 1371 565 1455 Unparia.

186 1485 213 1524 ro
328 1460 427 1526 Liber
442 1483 464 1526 a
483 1460 574 1526 nobis
588 1460 735 1528 Granios
749 1462 865 1528 Minor
886 1461 1127 1544 inscribebatur,
1150 1462 1207 1545 qui
1229 1463 1339 1530 titrrlus

221 1547 259 1612 in
287 1549 389 1614 tribus
411 1548 568 1616 codicibus
593 1549 792 1615 diuersarum
813 1550 1031 1616 reaeusianum
1060 1547 1111 1632 (B
1128 1557 1156 1615 1.
1176 1546 1229 1615 1¹³.
1259 1551 1337 1634 01)

221 1636 336 1720 lepilur
346 1673 387 1684 -
399 1638 438 1704 in
452 1637 528 1704 aliis
543 1637 636 1704 libris
648 1635 759 1716 (31⁸.
772 1643 803 1702 2.
828 1638 857 1705 0
865 1640 902 1723 2)
920 1639 1066 1706 Croniae
1076 1641 1241 1718 Romans,
1262 1641 1339 1707 aliis

221 1725 295 1792 buia
325 1727 414 1792 titula
443 1726 571 1806 additis,
601 1727 649 1792 ael
678 1727 825 1794 Oronioa
846 1729 1079 1794 Romanorum
1110 1725 1159 1808 (A
1173 1735 1201 1792 1.
1225 1728 1260 1794 Β
1275 1729 1337 1812 5⁸)

220 1821 359 1896 uocatur,
377 1814 456 1881 aliis
470 1815 562 1882 libris
577 1813 692 1898 (132⁸.
704 1821 734 1882 4.
746 1822 777 1880 5.
793 1815 844 1898 D)
860 1817 983 1882 uuum
997 1817 1235 1899 inscriptionem
1243 1838 1337 1901 prae

187 1928 213 1969 u
221 1904 362 1970 bentibus
372 1925 619 1987 —quamquam
633 1905 763 1971 minime
777 1907 865 1988 aprrd
878 1926 927 1970 me
941 1907 1104 1971 constabat
1117 1905 1220 1988 ipsum
1235 1913 1337 1973 aucto

220 2013 286 2056 rem
302 1992 383 2058 libro
397 2014 454 2058 sua
470 1993 554 2060 bunc
570 1994 696 2059 titulum
710 1993 875 2060 indidisse.
909 1994 1005 2060 Recte
1014 1994 1124 2077 potius
1134 1995 1186 2062 W,
1198 1995 1336 2061 Watten-

221 2082 299 2146 baca
315 2083 342 2146 b.
358 2103 399 2146 m.
423 2081 547 2148 uidetur
569 2082 746 2148 censuisse²
764 2083 848 2149 banc
869 2089 1083 2164 cornparatmu
1106 2103 1176 2148 aum
1191 2083 1337 2150 Martini

224 2169 433 2252 Oppaoimsis
460 2170 621 2236 Obraniaa
650 2173 690 2236 ab
719 2171 797 2236 aliis
826 2170 943 2237 dictam
971 2193 1036 2237 esse
1065 2171 1227 2254 uiuum,
1255 2172 1337 2239 umet

219 2259 314 2323 etiam
336 2259 416 2326 liber
436 2259 554 2340 fratris
568 2259 714 2325 Minoris
736 2259 871 2341 Sueoici,
895 2280 984 2342 quem
1000 2261 1119 2326 Flores
1141 2265 1336 2346 temporum

184 2346 391 2430 rainseripsit,
415 2349 455 2413 ab
478 2348 554 2414 aliis
576 2350 714 2415 cronica
736 2351 850 2415 Minor
869 2350 1014 2414 Martini
1035 2351 1206 2416 uocabatur
1215 2351 1236 2413 ².
1278 2350 1336 2416 At·

219 2457 277 2518 que
309 2437 382 2503 iure
410 2437 506 2502 buius
533 2437 650 2518 fratris
672 2436 912 2504 Praedicatoris
941 2437 1132 2521 auriolisauc
1161 2445 1191 2504 et
1218 2439 1336 2519 fratris

219 2525 364 2592 Minoris
391 2525 494 2591 nostri
523 2526 674 2592 obronica
703 2533 863 2610 tamquam
888 2526 1010 2592 nmilia
1038 2527 1123 2594 iuter
1144 2549 1177 2594 se
1199 2528 1335 2608 cmfere-

219 2615 304 2680 bant.
358 2616 529 2697 Utrumque
551 2614 636 2681 enim
662 2635 697 2682 re
718 2637 796 2682 ocra
821 2618 862 2682 ab
884 2615 1107 2682 incorrectione
1128 2617 1265 2683 Domini
1286 2637 1336 2683 ca-

219 2703 343 2769 ardium
362 2704 461 2784 babet,
480 2703 596 2786 paua's
611 2704 795 2787 deiopeia
810 2705 957 2770 Rorrrcno
973 2705 1172 2788 praemissis.
1212 2706 1335 2773 Utrum-

183 2816 210 2857 rs
219 2812 276 2874 que
287 2792 408 2872 fabulis
418 2793 571 2872 refertmn
586 2799 639 2874 est,
656 2795 695 2860 ab
707 2793 763 2860 bac
777 2793 815 2860 in
830 2793 1049 2876 Germaniam,
1063 2795 1103 2859 ab
1118 2795 1173 2860 illa
1187 2794 1224 2860 in
1239 2801 1334 2860 totum

218 2883 321 2947 orbem
332 2881 477 2964 eulpatis.
498 2881 680 2947 Miraberis
694 2903 780 2963 sane,
794 2904 864 2948 oum
874 2883 999 2948 easdem
1009 2883 1139 2962 fabulas
1150 2885 1188 2949 de
1200 2883 1334 2966 Gyriaco

211 2991 311 3052 papa,
328 2973 366 3036 de
377 2969 571 3037 Marcellino
579 2992 680 3053 papa,
699 2973 737 3036 de
752 2971 903 3036 Silvestre
914 2971 947 3035 Ι.
958 2991 1058 3053 papa,
1075 2973 1113 3037 de
1128 2972 1233 3036 Leone
1244 2993 1335 3053 papa

217 3058 375 3141 Arriano,
399 3061 438 3124 de
453 3059 598 3142 papissa,
623 3059 661 3124 de
685 3059 845 3142 Gerberta,
869 3061 957 3141 apud
977 3065 1143 3142 meumque
1163 3059 1333 3141 inueneris,

211 3148 337 3232 partim
359 3169 398 3214 ea
420 3147 532 3214 iisdem
555 3147 648 3214 libris
670 3154 911 3230 transsumptas,
935 3147 1060 3229 partim
1089 3150 1130 3214 ab
1152 3147 1203 3214 bis
1225 3148 1334 3232 primo

183 3243 381 3304 unarratas.
418 3237 539 3302 Neuter
560 3257 702 3318 unquam
723 3236 888 3318 dubitauit,
910 3235 989 3319 quin
1005 3236 1176 3320 pontifices
1199 3259 1220 3304 a
1238 3237 1334 3302 Petro

217 3325 255 3390 in
269 3325 407 3407 ecclesm,
431 3348 452 3391 a
469 3326 620 3391 Silvestro
637 3325 733 3391 etiam
754 3325 792 3390 iu
813 3325 945 3408 inperio
960 3325 1183 3408 omnipotentes
1200 3325 1332 3408 fuerint,

218 3417 273 3481 sed
300 3415 406 3496 frater
434 3414 551 3480 Minor
584 3413 797 3481 Germanicia
825 3414 1011 3497 simpliciter
1039 3415 1123 3480 bana
1157 3414 1334 3480 doctrinam

211 3505 346 3587 profert,
363 3525 403 3568 ue
417 3502 595 3586 suspicatm
610 3503 735 3586 quidem
750 3523 928 3586 quenquam
942 3525 1012 3569 eam
1026 3503 1064 3569 in
1078 3503 1209 3570 dubium
1223 3524 1334 3568 uocare

212 3613 314 3675 posse,
344 3592 398 3658 ille
425 3593 545 3658 Siamus
574 3591 708 3658 curialis
736 3593 818 3658 male
847 3595 962 3674 dactus,
992 3599 1027 3657 ut
1054 3613 1124 3657 eam
1156 3592 1335 3671 defenderet

183 3681 352 3763 aaliisque
375 3683 590 3764 persuaderet,
620 3681 749 3747 studuit.
795 3681 916 3748 Frater
944 3681 1060 3746 Minor
1088 3681 1222 3764 simplae
1255 3701 1335 3763 quas

217 3770 254 3836 in
277 3770 390 3836 litteris
406 3791 569 3854 paparum
592 3771 711 3852 leperat
736 3770 914 3836 calumnias
935 3769 1101 3836 Friderici
1123 3770 1177 3835 ΙΙ.
1200 3769 1334 3852 impera·

218 3859 296 3924 toris
324 3859 460 3940 fideliter
488 3859 613 3942 repetiit
634 3893 678 3903 —
700 3858 767 3942 ipse
789 3859 874 3925 enim
896 3881 987 3942 papa
1010 3859 1087 3925 baec
1109 3857 1192 3924 diait
1212 3895 1265 3939 —,
1297 3861 1334 3924 de

217 3948 395 4028 Manfreda
411 3953 439 4014 et
453 3945 637 4014 Gmradino
652 3947 736 4013 nibil
750 3948 829 4013 mali
843 3949 979 4031 scm'psit,
999 3947 1117 4014 Slaous
1131 3947 1185 4014 ille
1200 3947 1335 4014 curialis

218 4059 239 4100 a
262 4037 438 4116 Mausredo
460 4042 589 4120 patrem
611 4037 806 4116 suffocatum
834 4058 899 4102 esse
921 4037 1079 4118 murtrlus,
1115 4036 1334 4104 Ganradinum

182 4131 319 4193 maetate
341 4125 491 4207 iuuenem,
515 4128 571 4192 sed
591 4125 718 4192 malitia
734 4133 915 4208 prouectum
939 4124 1031 4192 dicit.
1071 4126 1194 4192 Frater
1216 4126 1334 4192 Minor

218 4369 660 4498 1)3213·arvg.11.0mueua.
681 4369 845 4437 GQJXIV,
868 4387 898 4439 p.
919 4373 960 4427 11.
1042 4373 1070 4441 2)
1096 4371 1138 4438 Cf.
1157 4371 1207 4428 SS.
1225 4369 1334 4433 XXIV,

215 4460 243 4511 p.
316 4459 376 4510 ,m
413 4483 419 4496 .
