3136 4990
303 437 331 495 S.
343 437 464 493 PETRI
483 437 744 495 ERPHDSFURT.
757 437 991 494 AUO'I’ARIUM
1009 436 1154 494 EKKEH.
1255 441 1289 495 31

277 623 379 686 Anno
396 623 539 687 Domini
555 621 813 688 DOOOOLXX.
853 633 988 688 Exustam
1008 637 1048 688 est
1067 633 1202 687 famosum
1220 639 1289 688 tem·
1301 649 1377 697 naam.

176 705 248 774 plum
267 705 294 758 in
312 705 490 776 Domburg¹.
797 739 802 748 ·

277 777 360 830 Anno
379 776 492 830 Domini
509 775 759 832 Dccconxxsst
791 776 887 832 Ottoni
906 776 1006 830 iuniori
1024 776 1183 845 imperatori
1208 777 1290 830 missa

175 851 213 900 est
230 847 421 916 Theophanu⁸
441 848 476 901 de
495 847 602 904 Gracia.

154 955 166 992 a
277 926 379 988 Anno
396 925 539 988 Domini
555 923 889 988 DCOOOLXX1110.
921 935 987 990 Otto
1003 936 1094 990 senior
1106 953 1168 989 eum
1183 935 1289 990 iuniore

174 1005 273 1062 Othone
292 1007 327 1062 de
345 1007 429 1061 Italia
447 1008 570 1077 perrexit
588 1008 616 1060 in
635 1007 805 1068 marciami,

276 1079 360 1132 Auno
372 1078 484 1132 Domini
496 1077 723 1132 Dccccaxxv
724 1079 742 1131 ⁰.
763 1122 768 1134 .
789 1121 795 1134 .
815 1121 822 1134 .
840 1078 948 1132 Eodem
965 1095 1072 1146 quoque
1085 1095 1155 1131 anno
1169 1079 1290 1146 perrexit

173 1149 321 1218 imperator
352 1155 449 1203 contra
473 1150 627 1204 Haraldnm
653 1150 681 1203 in
706 1147 879 1218 Scleoswigl,
908 1153 936 1202 et
961 1152 1098 1203 conventu
1121 1149 1235 1202 habito
1260 1149 1289 1202 in

172 1219 319 1274 Wehmare
336 1220 484 1275 Beheimos
501 1222 619 1275 vastavit
637 1226 666 1275 et
684 1222 876 1276 concremavit.

141 1311 165 1348 ιο
276 1291 360 1345 Anno
378 1292 490 1346 Domini
508 1291 771 1347 DOGOGLXXVP.
807 1291 873 1346 Otto
893 1291 1043 1360 imperator
1067 1291 1190 1360 perrexit
1206 1290 1289 1344 Baio·

173 1362 265 1430 ariam,
283 1362 446 1417 Heinricam
466 1364 580 1433 expulit,
599 1362 695 1418 Ottoni
714 1363 777 1416 duci
795 1362 952 1416 Baioariam
971 1363 1181 1418 commendavit.

275 1434 358 1488 Anno
371 1435 483 1488 Domini
501 1433 769 1489 Docconxxvss.
798 1433 954 1502 Imperator
972 1451 1034 1488 cum
1053 1451 1153 1504 magno
1167 1433 1288 1488 exercitu

170 1505 291 1572 perrexit
309 1505 344 1558 ad
362 1505 509 1559 Beheimos
528 1511 556 1560 et
574 1505 723 1560 maximam
741 1511 848 1574 partem
867 1509 957 1558 terrae
975 1504 1049 1558 illius
1072 1504 1198 1558 incendio
1224 1521 1287 1558 eon-

171 1575 310 1629 cremeait.
356 1575 420 1644 Ipse
451 1593 559 1646 quoqne
586 1575 732 1630 Heinricus
763 1593 825 1630 cum
856 1576 942 1630 altero
969 1574 1103 1629 Heinrieo
1133 1576 1289 1630 invaserant

141 1645 322 1702 raBaaowam.
359 1646 441 1717 Quod
463 1648 613 1717 imperator
636 1652 667 1700 ut
685 1646 799 1714 audivit,
822 1645 950 1701 festinato
969 1645 1111 1700 exereitus
1134 1648 1182 1700 illo
1201 1647 1288 1701 movit

171 1718 320 1787 urbemque
339 1718 448 1773 obsedit
465 1723 493 1772 et
505 1717 668 1772 Heinricum
687 1719 785 1772 ducem
804 1719 839 1771 ad
857 1733 933 1772 snam
952 1718 1070 1788 gretiam
1088 1718 1193 1787 recepit
1206 1724 1287 1788 atque

170 1788 197 1841 in
214 1787 361 1842 Franciam
379 1790 509 1858 perrexit.

275 1861 359 1914 Anno
378 1860 490 1915 Domini
507 1857 804 1928 nocconxxvmt
830 1903 835 1915 .
860 1903 866 1915 .
891 1903 897 1916 .
924 1860 970 1914 Ad
995 1860 1189 1929 imperatorem
1212 1859 1288 1914 venit

171 1932 198 1983 in
215 1931 317 2000 pascha
335 1931 491 1988 Bolialawo.
528 1932 583 2001 Qui
604 1929 755 1985 honorifice
780 1935 919 2000 susceptus
945 1932 1103 2001 magnisque
1128 1931 1287 1985 muneribus

138 2003 204 2059 abab
223 2003 389 2072 imperatore
408 2007 536 2056 oneratus
558 2001 640 2056 rediit
659 2002 779 2058 domum.
817 2001 925 2056 Aderat
941 2000 1090 2055 Heinricus
1114 2019 1177 2056 cum
1200 2002 1286 2056 altero

169 2072 310 2134 Heinrico,
353 2074 409 2143 Qui
434 2074 613 2142 conprehensi
638 2073 666 2126 in
692 2073 804 2128 exilium
829 2073 904 2126 missi
929 2076 1000 2128 sunt.
1083 2071 1190 2127 Eodem
1216 2091 1286 2127 anno

170 2143 296 2198 Lintheri
319 2162 369 2198 rex
388 2163 450 2198 cum
470 2147 557 2198 electo
583 2161 697 2198 numero
722 2145 841 2198 militum
865 2149 979 2213 repente
1003 2144 1103 2198 invasit
1120 2144 1287 2214 Aquisgrani

171 2215 301 2284 palatium
319 2215 444 2285 seditque
463 2216 502 2269 ibi
520 2217 608 2270 tribus
626 2215 729 2271 diebus.
765 2216 806 2270 At
824 2215 974 2284 imperator
992 2214 1058 2270 Otto
1077 2214 1205 2270 festinato
1224 2233 1286 2269 cum

170 2287 291 2340 exercitu
308 2287 446 2340 insecutus
464 2291 505 2340 est
516 2286 680 2341 Lutharium
698 2305 783 2355 usque
799 2287 828 2340 in
839 2285 970 2356 Sigonem
988 2287 1101 2341 fluvium
1115 2291 1143 2340 et
1155 2304 1239 2356 usqae
1251 2286 1286 2340 ad

137 2366 162 2406 a
170 2357 254 2411 sancti
267 2357 382 2412 Dionisii
394 2358 548 2428 cenobium,
568 2375 684 2482 eumgue
696 2375 751 2410 non
764 2376 799 2426 ap
819 2358 954 2427 rehendit,
973 2359 1037 2428 quia
1048 2357 1179 2428 fugiendo
1193 2358 1285 2414 evasit.

274 2429 358 2482 Anno
388 2428 500 2482 Domini
529 2427 623 2482 DCCC
647 2428 728 2483 LXX
823 2429 841 2484 ⁰.
884 2428 957 2484 Gero
988 2447 1079 2484 comes
1110 2447 1126 2483 a
1150 2429 1286 2484 Waldone

170 2500 287 2568 quodam
313 2504 454 2554 aecusatus
483 2499 549 2554 dum
574 2519 637 2554 eum
662 2501 691 2553 in
713 2499 845 2570 singulari
872 2501 1021 2555 certamine
1044 2501 1199 2569 occidisset,
1228 2501 1285 2570 ipae

170 2576 260 2624 tamen
280 2572 314 2624 ab
334 2571 500 2639 imperatore
519 2571 669 2625 decollatus
688 2577 735 2626 est.

169 2711 231 2766 M
275 2643 359 2696 Anno
389 2642 501 2696 Domini
530 2641 775 2698 Dccconxxxa
824 2640 889 2696 Otto
921 2642 1073 2711 imperator
1101 2642 1224 2712 perrexit
1257 2643 1286 2696 in

138 2731 162 2770 aa
233 2731 286 2768 am.

272 2783 358 2838 Anno
376 2784 488 2838 Domini
505 2783 784 2840 Dccconxxxsst
821 2784 981 2838 Destruetus
1000 2789 1040 2837 est
1061 2783 1232 2854 episcopatus
1256 2783 1285 2837 in

169 2853 340 2925 Merseburg,
366 2855 505 2924 miraeque
529 2855 725 2927 magnitudinis
750 2853 887 2908 edificium
913 2855 1013 2908 cecidit
1037 2855 1065 2908 in
1083 2855 1284 2926 Megadeburg

170 2924 274 2980 Eodem
302 2943 374 2979 auno
402 2924 468 2980 Otto
497 2927 648 2996 imperator
678 2926 758 2980 valde
789 2926 972 2995 periculosum
1005 2927 1033 2980 in
1063 2925 1190 2980 Calabria
1222 2945 1284 2980 cum

170 2995 325 3052 Sarracenis
343 2997 441 3051 habuit
458 2998 583 3066 prelium.
621 2997 657 3051 ln
682 3015 735 3067 quo
761 2997 848 3066 prelio
874 2997 978 3051 occisus
1002 3004 1044 3051 est
1060 2996 1208 3050 Heinricus
1226 2999 1284 3052 Aa·

139 3070 302 3138 tagastensis
323 3069 470 3123 aecclesiae
496 3069 638 3138 episcopus
663 3087 726 3122 cum
752 3068 811 3121 eliis
834 3069 961 3192 plurimis
986 3069 1126 3138 episcopis.
1170 3069 1206 3122 ln
1231 3085 1284 3138 quo

170 3140 250 3193 etiam
268 3141 358 3209 prelio
377 3139 443 3193 Idus
461 3139 513 3199 Iul,
534 3139 617 3194 occisi
635 3144 699 3193 sunt
716 3139 817 3193 milites
847 3139 983 3208 artissimi,
1002 3139 1031 3192 id
1050 3145 1091 3194 est
1103 3140 1175 3208 Udo,
1194 3138 1284 3194 Gebe-

169 3210 275 3279 hardus,
295 3211 462 3278 Guntherus,
487 3210 669 3265 Berchtoldus
688 3228 750 3264 cum
774 3210 833 3264 eliis
858 3211 960 3276 multis,
986 3215 1014 3264 et
1032 3209 1098 3265 Otto
1122 3210 1178 3263 dux
1203 3215 1284 3279 atque

170 3279 337 3336 Wernhenrs
356 3281 441 3336 abbas
457 3281 608 3338 Fuldensis.
645 3281 709 3350 lpse
728 3299 836 3350 quoque
854 3281 1004 3350 imperator
1029 3283 1128 3353 [occiso
1154 3281 1285 3336 eGrecis

171 3353 290 3406 exercitu
310 3353 345 3406 de
367 3353 432 3406 navi
450 3353 562 3436 emiliana
580 3353 719 3407 natatibus
738 3352 855 3424 aufugit]
876 3357 911 3406 et
929 3353 986 3406 vita
1005 3353 1105 3406 comite
1124 3352 1170 3435 vix
1192 3352 1283 3413 evasit,

138 3423 373 3564 caasa
394 3423 826 3565 ιιιιιιιιιιιιιιι
847 3423 1285 3566 alarinum

171 3565 325 3636 ibidemque
344 3567 492 3637 sepelitur}
513 3610 518 3621 .
539 3610 545 3622 .
565 3610 572 3622 .
591 3565 738 3620 Heinricus
756 3566 812 3620 dux
831 3564 975 3618 Baioariae
993 3583 1108 3636 regnum
1134 3566 1284 3620 invadens

171 3654 186 3689 a
202 3637 372 3706 principibus
389 3638 572 3705 reprobatur.

273 3709 358 3762 Anno
370 3707 480 3762 Domini
492 3707 782 3763 Docooaxxxvr.
803 3707 868 3762 Otto
881 3725 929 3761 rex
941 3724 1011 3776 puer
1019 3707 1147 3761 Boemios
1158 3709 1283 3778 vastavit,

136 3779 215 3834 used
233 3777 415 3832 Misichonem
434 3797 497 3832 cum
516 3781 674 3833 maneribus
692 3780 803 3832 obuiam
821 3779 1028 3832 venientem
1047 3781 1172 3848 suscepit.

273 3849 357 3902 Anno
382 3849 494 3904 Domini
520 3849 827 3905 Dcoccnxxxvsst
867 3848 972 3904 Iterum
999 3868 1048 3904 rex
1073 3850 1216 3905 Boemiam
1243 3851 1283 3904 in-

169 3921 251 3974 travit
268 3927 298 3975 et
316 3939 376 3974 eam
396 3921 432 3974 ad
450 3921 616 3976 deditionem
636 3922 734 3992 coegit

274 3993 357 4046 Anno
376 3993 487 4046 Domini
505 3991 826 4048 DOOOOLXXXVHP.
852 4041 858 4052 ,
879 4037 884 4047 .
906 4037 911 4048 .
935 3991 1037 4046 Dstatis
1060 3993 1153 4047 fervor
1175 3993 1281 4050 nimias.

168 4061 324 4132 Ruopertns
342 4063 561 4133 archiepiscopus
579 4065 756 4134 Mogontinus
775 4063 858 4132 obiit;
877 4063 922 4116 cui
933 4063 1087 4134 Willigisue
1105 4066 1239 4120 successit.

135 4235 189 4282 aaa)
199 4239 257 4283 pert,
272 4241 295 4273 at
309 4236 402 4286 eldam,
416 4245 473 4276 corr.
488 4235 623 4284 theophanti.
673 4235 695 4284 b)
710 4235 831 4274 exercitam
846 4235 924 4283 Lamp.

169 4386 195 4446 ll
212 4387 308 4454 Lamp.
328 4385 365 4437 ad
382 4403 408 4438 a.
422 4388 482 4440 971.
558 4386 587 4455 2)
607 4386 702 4452 Lamp.
721 4385 757 4436 ad
775 4387 874 4444 aeta.
955 4387 983 4452 3)
1004 4385 1076 4437 Haec
1094 4385 1169 4438 habet
1187 4385 1282 4452 Lamp.

168 4457 203 4508 aa
219 4475 244 4512 a.
259 4461 321 4512 974.
393 4457 421 4524 4)
440 4456 536 4525 anp.
554 4457 617 4509 baec
635 4457 671 4508 ad
688 4473 714 4511 a.
731 4458 791 4512 983.
810 4461 876 4509 rate
894 4455 978 4523 babet,
997 4455 1138 4508 contradam
1157 4456 1228 4509 Eat.
1247 4455 1284 4507 ad

168 4531 265 4585 caea
283 4529 332 4582 hoc
350 4527 514 4594 lacopoet'ta.
