3208 5006
338 485 390 540 676
549 481 742 538 CRONICAE
759 481 924 538 monis
942 480 1205 538 CONTINUATIO
1224 481 1247 538 I.

252 681 329 737 1268.
339 667 460 732 audita
481 667 586 731 missa
608 687 743 731 sacrum
766 669 1018 732 sacramentum
1042 666 1206 730 dominici
1229 667 1382 751 corporis
1408 687 1487 730 ac-

340 760 515 841 cepemnt.
561 756 709 840 Insuper
739 755 873 839 agenda
906 758 1120 820 mortuorum
1154 775 1217 840 pro
1250 755 1333 840 ipsis
1370 775 1485 820 com-

339 844 443 929 pleta,
473 845 568 930 ipse·
595 843 774 909 Conradus
801 844 889 909 dixit
919 844 1089 929 spatario:
1122 841 1299 928 'Ignosco',
1322 844 1482 927 inquid,

341 933 425 1012 tibi,
449 931 541 1017 quod
565 954 619 998 me
642 933 790 1011 occidis’,
822 926 895 998 terb
922 934 1069 1017 figuram
1092 932 1202 998 crucis
1226 933 1396 998 dominice
1427 934 1483 996 in

222 1023 443 1107 (oanilonga
464 1023 566 1087 venia
587 1022 753 1100 faciens0,
778 1023 826 1086 sic
854 1043 932 1086 cum
961 1022 1126 1106 predictis
1147 1021 1324 1087 nobilibus
1346 1022 1511 1087 decol·s

339 1111 431 1176 latus
446 1115 519 1188 est;
544 1112 637 1195 quod
658 1110 719 1175 ille
734 1114 855 1194 gentes
871 1111 980 1195 magis
1003 1131 1139 1194 gemere
1159 1113 1195 1176 et
1210 1110 1326 1176 dolere
1341 1112 1478 1176 riden-

339 1205 398 1264 tur
421 1221 523 1284 quam
546 1200 762 1264 Theutonici.
808 1199 899 1266 Item
925 1201 1083 1285 protinus
1106 1203 1184 1284 post
1207 1200 1273 1264 hoc
1297 1199 1475 1264 Clemens

206 1314 275 1362 (rra.
283 1314 328 1364 a).
338 1311 428 1375 papa
450 1289 576 1352 IIII‘l'
600 1289 637 1352 in
660 1289 814 1354 Bitervio
838 1289 1024 1354 defunctus
1047 1293 1110 1354 est.

251 1387 328 1442 1266.
443 1379 546 1442 Anno
569 1377 711 1442 Domini
734 1377 974 1442 M⁰CCLXIX
1005 1378 1042 1441 in
1065 1378 1241 1463 provincia
1264 1377 1360 1462 Syrie
1384 1398 1472 1462 sep-

337 1471 409 1532 tem
438 1467 565 1531 fratres
594 1467 747 1532 Minores
777 1488 798 1530 a
827 1466 1033 1544 Sarracenis‚
1064 1467 1229 1531 videlicet
1261 1487 1283 1530 a
1311 1467 1469 1531 soldano
1485 1486 1518 1525 so

339 1555 519 1621 Babilonie
549 1559 586 1621 et
615 1556 825 1622 satellitibus
856 1557 938 1632 eius,
969 1577 1031 1640 pro
1061 1557 1129 1620 fide
1152 1555 1330 1620 katholica
1351 1557 1469 1620 occisi

338 1648 429 1710 sunt.
475 1643 544 1723 Qui
573 1647 754 1729 postquam
785 1645 977 1710 martirium
1008 1644 1277 1730 compleverunt,
1300 1665 1391 1709 unus
1414 1665 1465 1710 ex

338 1735 387 1798 eis
415 1733 554 1798 nomine
582 1732 764 1798 Cunradus
793 1734 837 1799 de
866 1733 982 1798 Hallis
1012 1734 1170 1799 sacerdos
1200 1733 1392 1799 decollatus
1418 1735 1463 1798 in

337 1842 430 1888 mare
461 1844 482 1886 a
511 1817 671 1908 periidis‘¹
698 1825 751 1887 est
780 1823 964 1907 proiectus,
988 1826 1025 1888 et
1047 1843 1125 1888 ecce
1150 1823 1219 1887 duo
1242 1823 1336 1888 clara
1358 1822 1460 1886 lumi-

337 1911 443 1990 naria,
474 1912 633 1976 omnibus
660 1912 866 1990 videntibus,
890 1915 963 1976 tam
987 1910 1193 1976 Christianis
1216 1933 1319 1995 quam
1342 1911 1460 1976 Sarra·
1474 1938 1506 1977 rs

339 2002 440 2078 cenis,
472 2000 611 2066 stabant
640 2001 678 2064 in
709 1999 873 2066 fluctibus
902 2002 1005 2065 maris
1040 2020 1143 2085 super
1172 2020 1260 2079 eum,
1292 2000 1458 2065 videlicet

337 2110 445 2153 unum
468 2090 637 2154 luminare
661 2110 763 2174 super
779 2093 885 2174 caput
900 2090 974 2154 eius
997 2093 1033 2155 et
1048 2089 1145 2153 aliud
1167 2089 1337 2154 luminare
1353 2111 1458 2173 super

338 2199 461 2263 corpus
486 2179 570 2256 eius,
594 2179 693 2262 qussi
715 2199 777 2263 per
794 2179 950 2243 triduum
961 2177 981 2241 1.
1016 2178 1296 2244 Ascendentibus
1319 2199 1457 2262 quoque

337 2267 497 2351 procellis
521 2267 622 2333 maris
650 2269 687 2331 in
710 2268 819 2332 altum
842 2267 1027 2332 luminaria
1053 2288 1124 2331 non
1146 2267 1362 2344 videbantur,
1395 2268 1457 2332 sed

337 2356 577 2421 recedentibus
612 2357 771 2440 procellis
809 2357 955 2421 iterum⁸
994 2355 1038 2421 ab
1072 2357 1231 2421 omnibus
1264 2357 1302 2420 in
1336 2356 1496 2422 littoreas

338 2444 565 2510 existentibus
586 2446 804 2510 videbantur.
848 2445 923 2524 Quo
947 2445 1113 2510 miraculo
1136 2446 1251 2510 territi
1274 2445 1456 2511 Sarraceni

338 2552 455 2597 omnes
485 2534 666 2617 fugierunt
695 2534 738 2599 ab
761 2533 824 2599 illo
847 2534 933 2614 loco,
959 2535 1129 2600 dicentes:
1163 2535 1268 2600 ‘Deus
1292 2533 1456 2600 Christia-

337 2625 460 2685 norum
483 2625 617 2706 pugnat
640 2643 702 2706 pro
725 2623 808 2707 ipsis
832 2622 1059 2688 Christianis.

444 2711 535 2776 Item
551 2709 714 2775 soldanus
730 2711 920 2789 Babilonie,
943 2712 1075 2778 scilicet
1091 2712 1225 2777 Pharao
1241 2733 1301 2778 rex
1316 2713 1454 2797 Egypti,

250 2823 328 2878 1203,
337 2799 481 2864 nacione
511 2799 651 2879 Tuscus,
687 2801 825 2866 nomine
856 2802 1080 2880 Melchasar2,
1117 2801 1310 2866 sevissimus
1345 2801 1488 2866 hostias

168 2895 171 2903 '
209 2913 276 2962 (apr.
287 2913 330 2960 rs).
339 2891 456 2952 sancte
479 2888 655 2955 katholico
679 2890 831 2969 ecclesie,
857 2891 1032 2955 civitatem
1049 2891 1270 2955 Antiochiam
1294 2911 1453 2974 magnam

338 2981 374 3043 et
408 2977 607 3062 opulentam
644 2999 683 3043 ac
719 2978 915 3044 Christiano
949 2979 1077 3064 populo
1107 2979 1245 3064 plenam
1276 2979 1369 3044 bello
1405 3001 1453 3045 ex·

337 3067 506 3150 pugnavit
529 3071 565 3132 et
588 3067 690 3152 cepit,
715 3068 866 3153 spolians
882 3089 957 3134 eam
980 3069 1169 3133 innumeris
1188 3068 1319 3153 opibus,
1345 3089 1385 3134 ac
1409 3069 1453 3132 in·

338 3155 459 3220 cendio
482 3156 669 3234 vastavit⁸;
701 3157 829 3222 occidit
859 3178 993 3240 quoque
1023 3159 1060 3221 in
1091 3179 1130 3222 ea
1153 3158 1232 3243 plus
1255 3178 1359 3241 quam
1382 3179 1456 3223 cen·

294 3309 298 3319 ⁴
337 3248 412 3308 tum
444 3244 540 3308 milia
570 3248 606 3310 et
628 3245 731 3308 XXX
754 3245 850 3310 milia
880 3247 1067 3324 hominum,
1098 3251 1134 3312 et
1161 3249 1227 3311 hoc
1249 3247 1397 3312 maxime
1421 3247 1492 3310 ina

338 3333 456 3397 odium
478 3333 708 3413 Tartarorum,
734 3335 814 3417 quia
837 3335 912 3419 ipsa
935 3335 1123 3401 Antiochia
1146 3337 1302 3401 subiecta
1328 3337 1398 3400 fuit
1422 3339 1458 3400 at

337 3422 524 3486 tributaria
546 3421 709 3487 Tartaris.
756 3423 927 3488 Soldanus
957 3425 1095 3509 publice
1120 3425 1398 3510 apostatantibus
1422 3428 1457 3489 et

339 3510 516 3576 Christum
539 3511 747 3596 negantibus
770 3513 890 3577 multis
912 3513 1052 3578 milibus
1077 3515 1173 3579 dedit
1196 3515 1314 3578 vitam.

251 3606 327 3661 laea
446 3599 647 3683 Solempnes
675 3601 815 3666 nunccii
845 3600 980 3666 soldani
1009 3596 1186 3686 predictef
1212 3602 1393 3667 Babilonie
1421 3605 1457 3668 et

338 3687 530 3772 solempnes
559 3689 698 3755 nunccii
728 3690 818 3775 regis
841 3690 1063 3756 Tartarorum
1094 3692 1188 3756 missi
1218 3693 1262 3756 ad
1286 3693 1457 3777 principes
1467 3715 1492 3754 rs

340 3775 554 3842 Christianos
588 3782 623 3843 et
659 3779 805 3844 maxime
840 3781 885 3844 ad
920 3780 1121 3845 Ludwicum
1154 3801 1271 3864 regern
1303 3781 1455 3858 Francis,

335 4003 477 4050 a)rexadd.
492 4003 518 4043 P.
574 4004 740 4061 b)terque‚1’.
789 4005 1283 4058 c)uc1³,ues12rmaonaawsamrara
1296 4007 1459 4055 taurinaten-

337 4060 381 4096 tem
395 4067 411 4099 c.
465 4055 571 4110 <lundis
585 4069 602 4101 c.
657 4058 678 4110 a)
691 4069 728 4098 vm
742 4061 837 4108 (vorum)
850 4070 868 4102 c.
922 4057 1049 4112 opredlctl
1063 4057 1121 4100 sold.
1136 4060 1191 4102 Bab.
1205 4060 1230 4102 P.

337 4250 364 4316 1)
379 4249 436 4303 Hoc
452 4259 553 4305 narrat
579 4253 611 4306 dc
638 4270 725 4322 capra
748 4270 778 4322 p.
797 4257 859 4311 673.
884 4257 962 4309 dica
986 4255 1125 4321 frutribus
1142 4256 1295 4309 Minoribus
1317 4256 1413 4308 Iacobo
1437 4263 1460 4308 st

336 4321 450 4374 leena
468 4323 598 4376 Marinus
616 4325 738 4378 Saeuus
756 4325 773 4381 l.
788 4327 805 4381 l.
867 4328 895 4394 2)
912 4327 969 4381 Hoc
986 4343 1080 4381 amnon
1098 4333 1188 4380 ortum
1208 4343 1241 4380 aa
1255 4327 1337 4394 plato
1354 4329 1493 4382 minoio

334 4392 442 4445 romae·
466 4394 618 4448 iul-Maus
644 4395 797 4450 ccl-Dalm
814 4397 922 4454 Biturs.
1020 4401 1048 4464 3)
1075 4398 1136 4451 Iam
1164 4415 1189 4457 a,
1211 4401 1286 4454 1268.
1315 4397 1461 4451 Antiochia

335 4467 416 4531 capra
433 4471 479 4518 at.
