3182 4996
294 426 486 484 ORONIOAE
498 427 527 484 S.
536 427 653 484 PETRI
664 427 824 485 ERFORD.
844 428 1006 484 APPnNo.
1015 429 1049 490 V.
1059 429 1111 484 VI.
1217 435 1269 487 417

144 616 341 674 feminarum
370 617 598 674 monasterium
626 617 757 675 intravit
767 611 788 676 ¹.
835 617 897 676 Sed
932 635 985 676 rex
1021 619 1107 694 prius
1138 619 1269 694 pelicem

144 705 383 780 Fredegundim
405 706 439 762 in
462 706 603 781 reginam
626 709 815 782 assumpsit3
847 724 885 765 ex
914 724 977 782 qua
1007 706 1059 765 eta
1087 707 1270 766 Lotharinm

145 795 269 868 genuit,
292 794 460 852 Lethariue
483 794 704 870 Tagebertum,
723 796 917 872 Tagebertus
937 784 1178 872 [sigebertier
1203 796 1269 856 Olo-

146 881 306 940 doveum⁰
327 875 368 957 et]
393 872 652 954 Hildericnmd·²‚
677 885 730 959 qni
753 889 787 942 ei
808 885 983 943 monachus
1006 885 1111 944 factus
1134 890 1193 944 est.
1229 886 1270 944 Et

118 987 280 1047 eregnare
303 973 386 1047 cepit
408 971 580 1049 Pippmus⁰
608 974 716 1043 maior,
740 977 831 1049 pater
852 973 969 1032 Karoli.

147 1195 170 1241 ι)
185 1203 226 1234 om.
236 1193 256 1234 1.
310 1191 592 1240 mnemonidarum.
646 1190 667 1242 c)
681 1190 775 1232 Olcdum
790 1195 808 1237 1.
864 1190 887 1242 d)
901 1193 1030 1234 Hibericum
1045 1197 1064 1238 1.
1118 1195 1269 1244 elPlpp.qul

147 1245 219 1286 mlur
232 1246 311 1286 domun
325 1246 447 1296 dicebatur,
463 1242 486 1286 ld
500 1251 535 1286 eet
547 1251 613 1296 puter
626 1246 704 1286 Kurcll
719 1247 738 1289 I.

601 1445 814 1453 --—--—

346 1635 407 1709 VI.
446 1631 633 1711 NOTAE
656 1633 859 1712 DEDICA
867 1633 1080 1713 TIONUM

276 1733 401 1813 ΜΘΝ
401 1732 484 1811 TIS
506 1732 544 1811 S.
563 1736 731 1810 PETRI
751 1735 1137 1814 ERFORDENSIS.

109 1883 137 1921 ιο
255 1858 331 1923 Iam
366 1859 424 1924 SS.
456 1857 579 1940 XXX,
609 1880 645 1942 p.
674 1865 875 1924 480-488.
909 1866 1002 1924 natac
1035 1860 1269 1926 dedicationum

147 1947 276 2012 Montis
305 1947 339 2012 S.
363 1947 454 2012 Petri
488 1968 526 2012 en
560 1949 743 2030 anaorapio
781 1948 870 2014 Galli
903 1949 1034 2014 Stoicen
1061 1951 1268 2030 praecedente

147 2037 272 2102 saeculo
294 2056 332 2101 en
355 2036 458 2101 codice
479 2035 618 2101 Helwici
641 2037 795 2118 desciima
818 2036 913 2103 edidi.
958 2037 1023 2102 Sed
1042 2058 1143 2118 nuper
1164 2037 1268 2118 uncum

148 2125 266 2190 librum
295 2123 434 2190 Helwici
463 2125 500 2189 V.
536 2124 585 2190 Ol.
618 2125 763 2191 Karoiuc
791 2124 897 2210 cher
931 2126 969 2191 in
1003 2125 1088 2191 turni
1122 2125 1268 2192 eccleciae

150 2214 182 2279 S.
208 2212 382 2280 Laurentii
410 2211 624 2294 Erfondeneis
656 2212 791 2297 invenit,
827 2235 916 2296 quem
947 2214 982 2279 V.
1007 2214 1083 2280 Reu,
1119 2214 1267 2280 [Fac-

111 2303 262 2383 nloamm,
287 2301 467 2384 parrochus
495 2302 528 2367 S.
545 2301 726 2384 Laurentii,
756 2324 880 2368 cumina
909 2324 979 2368 cum
1006 2304 1148 2369 amicitate
1169 2303 1267 2369 Berc

148 2390 210 2456 lini
233 2389 433 2456 euoluendum
455 2389 536 2455 milii
559 2391 720 2456 commisit.
775 2391 866 2459 Unde
890 2391 958 2458 iam
980 2392 1055 2457 illac
1077 2399 1169 2458 notae
1191 2393 1267 2458 inte·

146 2500 226 2562 arae
248 2485 279 2544 et
299 2480 481 2544 emendatae
504 2479 669 2545 lectoribus
695 2501 871 2564 proponere
898 2481 1000 2563 potui,
1024 2488 1176 2563 precatus
1205 2503 1265 2564 eoe,

148 2573 183 2633 ut
197 2567 343 2650 priorem
364 2567 532 2634 editionem
554 2569 758 2651 neolcocrent.
795 2571 883 2634 Nam
910 2569 950 2636 G.
968 2571 1099 2636 Stoicen
1121 2576 1150 2635 et
1166 2571 1267 2652 ptura

147 2677 244 2738 qaam
266 2655 369 2722 conici
385 2656 492 2738 potuit
512 2658 657 2723 mendose
678 2657 808 2740 sempsit
828 2665 858 2723 et
880 2659 1041 2740 numultc
1063 2658 1177 2741 munit,
1201 2681 1266 2725 non

110 2747 248 2811 incolum
269 2745 481 2827 reliquiarum
503 2745 643 2828 nomina,
667 2747 723 2812 eod
743 2746 839 2812 etiam
861 2747 931 2813 alia
953 2746 1089 2813 maioric
1108 2748 1264 2814 momenti.

259 2835 346 2916 Quane
374 2833 429 2900 ille
458 2834 537 2900 liber
565 2837 822 2901 membranaceus
851 2835 991 2901 Helwici
1020 2836 1187 2919 contineat,
1217 2857 1266 2902 en·

141 2923 237 3004 poem
261 2922 316 2987 ίΝ.
340 2922 478 2988 Anchio'
497 2922 624 3006 XXII,
649 2945 684 3005 p.
709 2930 773 2989 508
797 2945 861 3007 sqq.
913 2923 1013 2990 Ouiae
1040 2923 1078 2990 in
1105 2925 1131 3004 f.
1157 2931 1186 2990 8.
1217 2924 1266 2990 in·

147 3011 298 3094 cerintum
320 3019 383 3077 cet:
405 3016 506 3077 Auno
523 3013 566 3078 ab
582 3013 820 3080 incarnatione
837 3015 978 3078 Domini
993 3013 1266 3079 M⁰OO⁰LX⁰VI⁰

147 3102 295 3186 scriptus
325 3106 378 3166 eet
407 3102 473 3167 iste
503 3102 591 3166 liber
622 3107 828 3188 procurante
851 3103 1007 3168 Helwicc
1038 3103 1191 3168 eiusdem
1215 3123 1264 3168 ce·

110 3189 242 3256 anobii
272 3191 450 3269 monucho,
475 3191 535 3274 qui
564 3194 649 3255 lunc
678 3191 748 3256 fuit
775 3192 975 3276 capellanus
998 3191 1099 3257 beate
1122 3192 1264 3275 virginis

146 3279 266 3344 Murie.
317 3277 379 3360 Qui
401 3279 478 3344 linea
500 3278 665 3344 adnotount
686 3278 792 3344 scriba
818 3279 843 3359 f.
868 3285 987 3360 4-70,
1011 3278 1101 3359 foliie
1123 3279 1265 3365 induas

147 3367 309 3432 columnae
330 3365 453 3449 dineis,
477 3373 570 3432 notae
592 3367 825 3434 dedicationum
847 3391 877 3433 o.
897 3373 992 3432 1147.
1014 3363 1149 3453 (11042)
1167 3373 1262 3431 1143.

148 3461 244 3519 1117.
271 3456 516 3521 1250?1219?
549 3461 643 3522 1182.
671 3457 781 3521 12310
806 3462 900 3522 1239.
932 3458 1090 3539 elocuntur
1119 3463 1148 3521 ct
1176 3477 1263 3522 accu-

146 3550 215 3609 rate
247 3543 385 3626 emundi.
431 3545 542 3610 Manu
570 3565 650 3610 saec.
670 3541 770 3611 XIV.
801 3543 913 3627 tlt-‘¹
942 3553 971 3611 et
999 3545 1024 3625 f.
1049 3551 1101 3609 20.
1133 3543 1264 3612 notitiae

111 3631 380 3700 ndediaationmn
402 3639 662 3699 a.134c.1351.
687 3633 816 3700 additae
838 3639 921 3699 eunt.
968 3635 1057 3699 Nam
1079 3633 1164 3698 inter
1185 3633 1210 3713 f.
1233 3640 1261 3698 7.

145 3727 174 3786 et
195 3720 220 3802 f.
246 3727 299 3785 20.
330 3723 454 3788 saeculo
478 3722 558 3788 XV.
583 3723 735 3806 placulae
757 3722 919 3788 duodecim
940 3722 1091 3802 foliorum
1113 3723 1264 3788 membra-

146 3831 276 3875 neonum
297 3809 434 3876 minaris
455 3811 580 3891 formae
602 3811 728 3876 inentae
750 3817 832 3892 cunt,
856 3812 893 3876 in
915 3831 1048 3893 quonum
1076 3811 1102 3892 f.
1127 3811 1261 3876 8—11‘.

142 3898 252 3980 mima
273 3920 389 3964 manue
410 3921 492 3966 eaeo.
507 3899 585 3965 XV.
610 3905 702 3965 natae
724 3899 957 3966 dedicationum
979 3899 1176 3966 diuersorum
1193 3907 1263 3966 tem·

141 4007 257 4068 prmum
281 3983 785 4066 (a.1469‚1470.1316.1303.
811 3993 905 4053 1308.
929 3995 1022 4054 1327.
1047 3995 1141 4054 1182.
1167 3994 1261 4054 1221.

110 4075 250 4158 a1185)
281 4075 420 4160 canunt,
452 4098 532 4159 auae
560 4076 586 4158 f.
611 4082 641 4142 8.
673 4098 710 4143 ea
739 4077 890 4160 repetiuit,
921 4097 1002 4160 qnae
1030 4078 1056 4158 f.
1081 4084 1133 4143 20.
1163 4099 1263 4144 mann

145 4268 173 4334 1)
189 4269 283 4321 Naeci'a
293 4269 364 4322 mida
375 4269 440 4322 haec
447 4269 561 4337 isabella,
578 4286 660 4338 quam
671 4269 754 4322 Liber
765 4269 895 4323 hietat-tae
906 4271 1084 4337 mmmmm,
1101 4270 1150 4327 SS.
1163 4270 1261 4326 Meron

144 4338 184 4406 II,
202 4356 232 4406 p.
245 4341 299 4396 202
310 4357 359 4408 aa„
378 4340 472 4406 tradit,
490 4347 597 4409 sumpta
614 4344 658 4396 att.
694 4341 798 4396 utut.
816 4356 874 4394 eam
891 4355 946 4394 non
963 4341 1047 4398 haid.
1110 4344 1139 4411 2)
1157 4342 1262 4395 Falcu-

144 4411 250 4464 etmnm.
281 4410 348 4464 Trea
364 4413 545 4478 accinctionis
563 4415 682 4467 amnena
1010 4417 1011 4422 ’

1014 4522 1049 4575 27
