3130 4990
325 449 492 506 CRONIGA
511 452 540 509 8.
552 451 668 508 PETRI
686 453 948 510 ERI'ORDENSIS
966 453 1163 510 MODERNA.
1255 458 1306 512 149

188 632 283 699 desidi
313 641 388 699 sunt
414 634 627 702 Theodericus
655 638 693 701 de
715 636 850 720 Apolda,
881 637 937 718 qni
966 637 1002 702 in
1032 637 1106 702 Vita
1136 636 1305 702 Elisabeth

188 743 220 786 a.
246 728 343 787 1287.
375 724 543 805 conmosita
566 745 673 806 pauca
703 747 741 790 en
769 726 829 791 tuac
864 725 1001 792 Oronica
1034 733 1158 808 sumpta
1191 726 1305 791 habere

188 809 342 892 uideturl,
367 833 455 894 quae,
479 813 509 877 si
531 834 642 879 revera
665 835 703 879 ec
726 836 773 895 ea,
800 815 912 896 mouri
935 815 1029 880 dubio
1052 814 1088 879 in
1110 814 1178 896 ipso
1201 835 1304 880 coeno-

188 899 238 965 bio
261 901 388 966 Montis
411 902 445 967 S.
463 901 553 966 Petri
575 903 792 984 exscripserat,
817 910 881 968 tum
901 903 1113 969 Theodericus
1131 904 1303 986 Enyeihns,

162 989 242 1070 sani
265 989 301 1055 in
318 990 462 1054 omnibus
477 991 619 1056 chronici
637 991 689 1056 sni
704 992 960 1058 recensionibrss²
974 994 1064 1058 modo
1081 993 1190 1076 phura,
1214 994 1304 1057 modo

187 1077 315 1143 minora
344 1100 383 1143 es
413 1079 560 1146 chronico
582 1080 787 1162 Erfordcusi,
818 1083 901 1163 quod
927 1081 964 1146 in
986 1087 1094 1146 nostro
1116 1083 1181 1146 cod.
1201 1081 1236 1145 E
1256 1102 1304 1146 en·

187 1169 280 1246 eiust,
312 1168 486 1250 exscripsit,
517 1171 573 1234 sed
600 1169 695 1234 edam
718 1191 839 1251 pancos
868 1171 949 1235 iocos
978 1169 1131 1237 Oronicae
1161 1171 1194 1235 S.
1215 1170 1304 1234 Petri

186 1256 277 1320 habet
311 1256 348 1321 in
379 1257 547 1323 chronicon
576 1257 692 1323 codicis
717 1258 751 1323 E
778 1280 844 1324 non
871 1266 1008 1341 receptos
1016 1260 1037 1340 ⁴,
1068 1280 1144 1341 quos
1173 1280 1236 1323 non
1266 1280 1305 1324 ea

187 1344 267 1425 ipsa
291 1347 348 1411 sed
369 1367 407 1410 ss
422 1346 487 1410 ahio
505 1348 641 1428 quodam
656 1347 803 1412 chronico
819 1348 993 1430 compilato,
1017 1349 1173 1430 hunnosque
1188 1347 1302 1430 inmoto,

151 1451 255 1498 meum
289 1434 459 1515 sumpsisse
488 1434 616 1500 conicio.
664 1437 774 1518 Neque
803 1437 838 1500 hi
869 1458 967 1519 neque
997 1437 1057 1502 ioci
1090 1457 1128 1501 ecc
1157 1437 1303 1501 chronico

186 1523 303 1588 codicis
326 1523 361 1586 Ε
381 1523 496 1604 sumpti
522 1524 650 1604 sanam
670 1527 715 1590 ad
736 1532 851 1590 tectum
880 1525 1033 1591 Oronicae
1056 1531 1183 1591 nostrae
1205 1547 1303 1590 mnen-

185 1613 360 1676 dandum⁵.
407 1612 586 1678 Iohannem
610 1613 712 1678 Rothc
741 1613 874 1680 codicem
897 1615 1117 1680 Isenacenscm
1147 1614 1303 1696 antiquio·

186 1719 252 1764 rem
274 1699 417 1766 chronici
439 1701 555 1767 codicis
576 1702 612 1765 E
639 1702 841 1784 exscripsisse
862 1703 928 1767 iam
950 1723 1049 1784 scurra
1070 1725 1105 1786 p.
1126 1709 1198 1767 143.
1222 1703 1300 1784 dici,

185 1810 255 1852 eum
278 1789 372 1854 etiam
388 1789 490 1872 msam
510 1790 679 1857 Cronicam
696 1791 729 1856 S.
743 1790 833 1857 Petri
851 1791 960 1874 lenisse
983 1814 1048 1857 non
1063 1793 1185 1857 credo⁶.
1223 1794 1302 1857 Tum

148 1884 304 1957 noportet
325 1878 464 1944 adiciam
486 1901 534 1944 mc
556 1879 748 1945 nullomodo
766 1880 882 1946 adduci
900 1901 1000 1962 posse,
1024 1887 1058 1944 ut
1074 1883 1199 1946 credam
1218 1881 1302 1947 banc

191 1966 360 2032 Orouieam
389 1969 429 2033 ab
460 1967 605 2034 Ottoearo
634 1969 670 2034 in
698 1990 814 2052 manno
843 1991 899 2034 suo
934 1969 1093 2035 Chronico
1125 1969 1302 2052 rhythmico

184 2055 358 2122 Austriaco
392 2056 568 2122 adhibitam
596 2079 673 2139 esse,
707 2060 790 2139 quod
817 2059 860 2124 A.
891 2058 1040 2123 Busson⁷
1069 2063 1097 2122 et
1124 2065 1199 2140 post
1231 2079 1301 2122 eum

187 2142 216 2207 Ι.
241 2145 433 2210 Seemsiller⁸
455 2153 651 2211 censuerunt.
699 2148 809 2228 Neque
835 2147 1006 2213 chronicon
1032 2149 1188 2228 quoddam
1216 2146 1300 2210 Thu-

185 2231 343 2315 riuqicum
365 2255 463 2315 necnee
478 2235 605 2300 oruniuo
627 2242 672 2300 tot
693 2236 843 2302 chronica
861 2237 1063 2318 annalesque,
1087 2242 1160 2316 quot
1183 2234 1218 2299 hi
1235 2234 1301 2299 oiri

145 2322 266 2386 sodocti
296 2329 530 2405 recensuerunt,
561 2326 601 2390 ab
628 2324 773 2390 ottocaro
801 2326 878 2390 lecta
908 2346 972 2390 esse
1001 2324 1082 2389 mibi
1109 2344 1300 2406 persuasum

183 2410 290 2492 habeo,
314 2411 412 2477 multa
435 2433 474 2476 es
495 2433 601 2478 eornm
624 2413 704 2478 serie
727 2415 879 2480 demenda
902 2435 966 2479 esse
988 2413 1094 2478 iudico
1104 2415 1127 2476 ⁹.

290 2500 362 2566 Hoc
384 2501 449 2566 hoco
473 2500 609 2567 Oroniea
634 2503 667 2567 S.
685 2501 775 2567 Petri
797 2524 836 2567 coc
859 2503 1054 2585 Scriptorum
1078 2509 1157 2567 tomo
1176 2501 1295 2568 XXX.

185 2729 211 2792 1)
233 2727 276 2792 Cf.
298 2729 331 2782 θ.
348 2729 467 2782 Boerner
493 2731 523 2780 in
541 2730 585 2785 ίΝ.
602 2730 714 2782 Arcbio'
731 2730 818 2794 XIII,
838 2748 866 2798 p.
879 2732 930 2786 481
944 2747 981 2798 sq.
1018 2731 1070 2782 Sea
1087 2730 1244 2782 monendum
1261 2736 1298 2782 est

187 2797 371 2851 Ihsodcm'cnm
384 2799 468 2851 merem
480 2816 505 2854 a.
516 2802 595 2864 1227,
611 2817 732 2867 quocum
745 2802 858 2854 Oronica
871 2803 899 2856 S.
909 2802 986 2853 Petri
998 2803 1123 2862 conuenit,
1137 2817 1171 2854 ea
1182 2803 1298 2852 Annali-

147 2887 174 2926 ιο
183 2869 231 2921 bus
243 2869 381 2938 Erphord.
393 2871 516 2935 fratrum
527 2871 746 2924 Praedmtorum
759 2872 903 2925 exscribere
916 2875 1040 2941 potuisse.
1067 2871 1151 2937 Quod,
1170 2887 1228 2923 crem
1242 2874 1298 2938 ipse

183 2941 288 2992 ordinis
306 2941 524 2994 &aediculorum
542 2944 633 3007 frater
650 2944 744 3008 fuerit,
769 2959 833 2995 sans
853 2943 1021 3012 probabilius
1041 2949 1086 2998 est.
1158 2946 1186 3009 2)
1207 2943 1299 2995 noun

183 3011 218 3063 ab
229 3012 253 3070 I,
267 3013 290 3065 I.
302 3011 414 3066 nasac
426 3012 588 3066 Hsimstadii
599 3016 677 3070 1671.
695 3013 738 3068 4⁰.
757 3021 780 3067 et
798 3031 816 3066 a
828 3013 969 3079 leibnitio,
987 3015 1036 3070 SS.
1052 3030 1144 3066 rerum
1157 3015 1296 3068 Brunsm'c.

184 3082 222 3147 II,
237 3101 267 3151 p.
280 3085 334 3139 974
344 3100 400 3152 sqq.
418 3091 441 3137 et
459 3085 574 3139 ineditis.
610 3086 652 3150 Of.
673 3087 716 3138 ‘N.
734 3085 849 3138 Archio'
865 3086 948 3148 XIII,
970 3104 999 3154 p.
1020 3088 1071 3141 183
1089 3085 1135 3151 (L.
1153 3085 1185 3136 ds
1202 3084 1297 3137 Heins-

184 3158 287 3220 mann).
305 3153 386 3220 XXI,
401 3171 430 3222 p.
443 3158 506 3212 456.
576 3157 605 3224 3)
625 3157 701 3220 Quod
718 3173 776 3208 cerm
794 3157 885 3208 mubis
902 3157 965 3208 alim
983 3157 1052 3224 meis,
1072 3162 1129 3207 tum
1146 3156 1194 3207 hoc
1209 3161 1298 3224 patet:

148 3225 218 3282 soIn
235 3226 319 3278 codice
336 3227 483 3279 Drssdnssi
500 3228 519 3279 I
526 3231 569 3285 47.
589 3227 750 3294 Enadhusii
771 3229 793 3291 s.
807 3224 874 3284 58¹³.
897 3231 926 3279 in
948 3229 1077 3292 inferiore
1095 3228 1218 3292 maraine
1236 3227 1298 3292 lsai·

184 3303 245 3348 tur:
263 3293 387 3350 Ecclesia
399 3296 565 3352 kathedralis
576 3295 820 3368 Magdeburgensis
838 3298 923 3350 sancti
935 3297 1063 3352 Maurioii
1081 3295 1206 3351 incendio
1225 3295 1297 3349 ful-

184 3366 290 3490 ὗὲιέἱεΙ
307 3373 467 3492 οοιίεὲιπίρὶα
492 3373 541 3493 εἶτ.
576 3369 752 3492 Tmssfftuss
781 3369 899 3451 fectus
928 3375 967 3451 est
994 3385 1110 3491 magittus
1117 3385 1176 3504 0112
1187 3367 1297 3490 eigins

252 3455 328 3492 erma
387 3455 402 3492 a
427 3457 474 3508 ιο,
522 3457 553 3492 us
571 3456 653 3508 quem
751 3456 855 3494 ommes
906 3457 1079 3494 eristun.
1177 3455 1190 3490 e
1255 3456 1298 3490 rn-

183 3509 272 3561 csmiio
296 3511 414 3564 munes
437 3457 562 3565 hocploco
586 3512 719 3564 habentur
741 3514 771 3564 in
789 3457 915 3566 Cromlis'.
929 3512 1004 3564 Petri
1027 3518 1051 3563 et
1069 3510 1097 3562 Ε
1112 3511 1161 3562 snb
1179 3526 1205 3562 a.
1220 3513 1296 3566 1207.

149 3581 314 3646 mhountur,
332 3585 467 3649 scqssmtia
485 3599 545 3636 vcro
561 3585 697 3651 suscripta
708 3589 770 3634 surii
782 3599 815 3634 ecc
826 3584 862 3634 iis
880 3599 947 3650 queas
962 3583 990 3634 Ε
1005 3583 1042 3633 od
1060 3597 1085 3636 a.
1100 3583 1167 3636 1207
1171 3624 1176 3635 .
1196 3581 1227 3633 dc
1245 3587 1297 3632 ter-

182 3659 300 3704 raemotu
319 3669 345 3708 a.
364 3655 441 3709 1279.
462 3653 546 3708 naba.
583 3654 617 3706 In
642 3655 726 3706 codice
752 3653 917 3706 bibliothecas
942 3655 1058 3706 numus
1084 3653 1297 3705 Haunoocranac

182 3721 342 3788 Enosibusii
358 3723 421 3778 hacc
438 3727 469 3776 in
486 3731 559 3778 tantu
578 3727 703 3792 tenuntur
720 3727 883 3792 transposita
901 3730 925 3778 ct
943 3730 1054 3782 mutata,
1091 3723 1189 3776 Multos
1207 3741 1297 3778 uersus

181 3795 346 3848 munorialss
357 3795 495 3862 Medicus
513 3813 546 3850 ec
563 3797 686 3848 chronico
703 3797 756 3850 cod.
770 3797 798 3849 Ε
813 3797 1007 3862 transscripsit,
1027 3796 1097 3862 quod
1108 3795 1222 3861 sincuh's
1234 3796 1297 3848 locis

180 3865 313 3919 adnabam.
385 3869 414 3932 4)
439 3867 472 3919 Ut
496 3867 613 3931 fabellas
637 3869 669 3918 ds
686 3867 812 3935 Picumno
834 3883 893 3932 reas
910 3867 1046 3918 Francius
1065 3865 1113 3918 sub
1131 3869 1248 3922 α.1275.
1266 3869 1296 3918 in

148 3935 260 3992 morcon.
279 3937 306 3991 8.
320 3937 396 3990 Petri
411 3944 550 3992 narratas.
636 3938 665 4006 5)
683 3939 759 3990 Raro
778 3941 834 3989 sius
853 3939 984 3990 motionem
1002 3939 1083 3989 citam
1098 3939 1202 3990 nemim
1217 3938 1296 4006 pleno

180 4005 321 4077 Engelhus
339 4009 481 4077 smmpto.
536 4012 564 4076 6)
587 4008 627 4060 De
644 4008 776 4060 chronicis
794 4009 1006 4074 Erfordensibus
1023 4009 1117 4075 linqua
1136 4009 1296 4062 Gmnanica

179 4081 336 4147 consumptis
353 4080 409 4132 cide
427 4081 471 4136 ‘N.
484 4081 599 4133 Archio'
612 4079 691 4146 XXI,
709 4097 736 4148 p.
749 4081 811 4146 451,
830 4096 857 4134 n.
871 4082 895 4135 1.
933 4081 1066 4132 Nonnulli
1081 4086 1194 4132 recentes
1210 4082 1296 4148 sor-ip-

180 4157 257 4214 torcs,
284 4156 314 4202 ut
342 4150 433 4203 Enoch
462 4151 630 4216 Widemunn,
658 4151 777 4216 Mmclcc,
805 4150 854 4205 SS.
875 4151 919 4216 II,
946 4167 967 4206 e.
986 4153 1048 4214 657,
1076 4167 1128 4203 non
1154 4149 1295 4204 crosticam

180 4221 208 4275 S.
226 4221 309 4287 Petri,
334 4227 475 4288 annonam
500 4223 628 4288 edendnm
654 4222 699 4275 sed
724 4225 845 4289 enceinte
869 4238 887 4274 a
912 4223 1028 4275 Pistoris
1052 4223 1122 4274 edita
1141 4217 1203 4288 (2¹³)
1231 4222 1296 4287 leae-

149 4299 252 4346 nrum.
325 4295 353 4359 7)
381 4294 444 4347 ‘SR
471 4293 520 4346 der
545 4294 635 4347 Alcaei.
662 4293 688 4346 d.
714 4293 791 4347 Wiss.
818 4309 853 4344 en
885 4293 973 4345 Wicn'
998 4293 1100 4358 CXIV,
1126 4311 1154 4360 p.
1181 4293 1215 4346 73
1239 4307 1295 4358 sqq.

180 4361 207 4427 8)
225 4363 270 4416 ⁸1).
290 4363 365 4419 Chr!
386 4363 418 4429 V,
444 4373 553 4432 p.1.1x.
635 4365 662 4434 9)
690 4363 733 4427 Gi.
751 4379 819 4431 quac
842 4364 865 4418 I.
884 4363 1004 4428 mann,
1025 4363 1103 4417 ‘Hist
1123 4361 1295 4425 Zeitsdrrift'

180 4433 306 4487 LXXIV
322 4435 372 4499 (N.
386 4435 418 4489 F.
437 4435 616 4502 XXXVIII),
631 4451 661 4502 p.
673 4437 726 4491 286
738 4449 791 4503 sqq.
810 4435 871 4488 bens
888 4437 1018 4502 exposuit.
