<?xml version="1.0" encoding="UTF-8"?>
<!DOCTYPE html PUBLIC "-//W3C//DTD XHTML 1.0 Transitional//EN"
    "http://www.w3.org/TR/xhtml1/DTD/xhtml1-transitional.dtd">
<html xmlns="http://www.w3.org/1999/xhtml" xml:lang="en" lang="en">
 <head>
  <title>
</title>
<meta http-equiv="Content-Type" content="text/html;charset=utf-8" />
  <meta name='ocr-system' content='tesseract 3.04.00' />
  <meta name='ocr-capabilities' content='ocr_page ocr_carea ocr_par ocr_line ocrx_word'/>
</head>
<body>
  <div class='ocr_page' id='page_1' title='image "./monumentaerphes00monagoog_0020.png"; bbox 0 0 3136 4990; ppageno 0'>
   <div class='ocr_carea' id='block_1_1' title="bbox 156 597 234 645">
    <p class='ocr_par' dir='ltr' id='par_1_1' title="bbox 156 597 234 645">
     <span class='ocr_line' id='line_1_1' title="bbox 156 597 234 645; baseline -0.026 -11"><span class='ocrx_word' id='word_1_1' title='bbox 156 597 234 645; x_wconf 76' lang='lat' dir='ltr'><strong>Lamp.</strong></span> 
     </span>
    </p>
   </div>
   <div class='ocr_carea' id='block_1_2' title="bbox 243 402 1273 473">
    <p class='ocr_par' dir='ltr' id='par_1_2' title="bbox 243 402 1273 473">
     <span class='ocr_line' id='line_1_2' title="bbox 243 402 1273 473; baseline -0.003 -10"><span class='ocrx_word' id='word_1_2' title='bbox 243 411 261 464; x_wconf 86' lang='grc'>8</span> <span class='ocrx_word' id='word_1_3' title='bbox 332 405 513 460; x_wconf 82' lang='lat' dir='ltr'><strong>ANNAbES</strong></span> <span class='ocrx_word' id='word_1_4' title='bbox 532 405 560 461; x_wconf 89' lang='lat' dir='ltr'><strong>S.</strong></span> <span class='ocrx_word' id='word_1_5' title='bbox 574 403 690 458; x_wconf 80' lang='lat' dir='ltr'>PETRI</span> <span class='ocrx_word' id='word_1_6' title='bbox 708 402 1083 458; x_wconf 79' lang='lat' dir='ltr'><strong>ERPHESFURTENSES</strong></span> <span class='ocrx_word' id='word_1_7' title='bbox 1102 402 1273 473; x_wconf 81' lang='lat' dir='ltr'><strong>ANTIQUI.</strong></span> 
     </span>
    </p>
   </div>
   <div class='ocr_carea' id='block_1_3' title="bbox 244 580 1386 939">
    <p class='ocr_par' dir='ltr' id='par_1_3' title="bbox 244 580 1386 939">
     <span class='ocr_line' id='line_1_3' title="bbox 354 580 1364 650; baseline -0.001 -14"><span class='ocrx_word' id='word_1_8' title='bbox 354 581 479 638; x_wconf 81' lang='lat' dir='ltr'>MLXII.</span> <span class='ocrx_word' id='word_1_9' title='bbox 512 581 702 636; x_wconf 78' lang='lat' dir='ltr'><strong>willehelmus</strong></span> <span class='ocrx_word' id='word_1_10' title='bbox 728 581 849 634; x_wconf 87' lang='lat' dir='ltr'><strong>marchio</strong></span> <span class='ocrx_word' id='word_1_11' title='bbox 874 598 998 634; x_wconf 81' lang='lat' dir='ltr'><strong>reversus</strong></span> <span class='ocrx_word' id='word_1_12' title='bbox 1024 582 1051 633; x_wconf 90' lang='lat' dir='ltr'><strong>in</strong></span> <span class='ocrx_word' id='word_1_13' title='bbox 1078 580 1272 650; x_wconf 82' lang='lat' dir='ltr'><strong>Thuringiam,</strong></span> <span class='ocrx_word' id='word_1_14' title='bbox 1298 582 1364 635; x_wconf 93' lang='lat' dir='ltr'><strong>dum</strong></span> 
     </span>
     <span class='ocr_line' id='line_1_4' title="bbox 244 654 1364 724; baseline -0.004 -15"><span class='ocrx_word' id='word_1_15' title='bbox 244 656 354 710; x_wconf 72' lang='lat' dir='ltr'><strong>redjres</strong></span> <span class='ocrx_word' id='word_1_16' title='bbox 380 655 408 706; x_wconf 93' lang='lat' dir='ltr'><strong>in</strong></span> <span class='ocrx_word' id='word_1_17' title='bbox 433 654 585 724; x_wconf 83' lang='lat' dir='ltr'><strong>Ungariam</strong></span> <span class='ocrx_word' id='word_1_18' title='bbox 611 657 640 706; x_wconf 90' lang='lat' dir='ltr'><strong>et</strong></span> <span class='ocrx_word' id='word_1_19' title='bbox 665 669 792 721; x_wconf 75' lang='lat' dir='ltr'>sponsam</span> <span class='ocrx_word' id='word_1_20' title='bbox 821 669 895 704; x_wconf 89' lang='lat' dir='ltr'><strong>suam</strong></span> <span class='ocrx_word' id='word_1_21' title='bbox 924 669 986 705; x_wconf 89' lang='lat' dir='ltr'><strong>cum</strong></span> <span class='ocrx_word' id='word_1_22' title='bbox 1014 668 1115 720; x_wconf 78' lang='lat' dir='ltr'><strong>magna</strong></span> <span class='ocrx_word' id='word_1_23' title='bbox 1141 669 1223 720; x_wconf 90' lang='lat' dir='ltr'><strong>opum</strong></span> <span class='ocrx_word' id='word_1_24' title='bbox 1253 670 1364 706; x_wconf 90' lang='lat' dir='ltr'><strong>suarum</strong></span> 
     </span>
     <span class='ocr_line' id='line_1_5' title="bbox 244 721 1363 792; baseline -0.004 -12"><span class='ocrx_word' id='word_1_25' title='bbox 244 727 427 781; x_wconf 80' lang='lat' dir='ltr'><strong>ostentatione</strong></span> <span class='ocrx_word' id='word_1_26' title='bbox 445 724 582 778; x_wconf 86' lang='lat' dir='ltr'><strong>adducere</strong></span> <span class='ocrx_word' id='word_1_27' title='bbox 600 727 717 792; x_wconf 89' lang='lat' dir='ltr'><strong>pararet,</strong></span> <span class='ocrx_word' id='word_1_28' title='bbox 736 725 808 776; x_wconf 87' lang='lat' dir='ltr'><strong>inter</strong></span> <span class='ocrx_word' id='word_1_29' title='bbox 826 723 947 776; x_wconf 89' lang='lat' dir='ltr'><strong>eundum</strong></span> <span class='ocrx_word' id='word_1_30' title='bbox 965 722 1085 776; x_wconf 87' lang='lat' dir='ltr'><strong>secunda</strong></span> <span class='ocrx_word' id='word_1_31' title='bbox 1103 721 1244 777; x_wconf 81' lang='lat' dir='ltr'><strong>mansione</strong></span> <span class='ocrx_word' id='word_1_32' title='bbox 1266 725 1363 778; x_wconf 90' lang='lat' dir='ltr'><strong>morbo</strong></span> 
     </span>
     <span class='ocr_line' id='line_1_6' title="bbox 245 780 1363 866; baseline -0.004 -14"><span class='ocrx_word' id='word_1_33' title='bbox 245 803 385 866; x_wconf 87' lang='lat' dir='ltr'><strong>correptus</strong></span> <span class='ocrx_word' id='word_1_34' title='bbox 419 795 496 851; x_wconf 90' lang='lat' dir='ltr'><strong>obiit.</strong></span> <span class='ocrx_word' id='word_1_35' title='bbox 550 794 686 863; x_wconf 76' lang='lat' dir='ltr'><strong>Sponsam</strong></span> <span class='ocrx_word' id='word_1_36' title='bbox 720 795 777 847; x_wconf 89' lang='lat' dir='ltr'><strong>eius</strong></span> <span class='ocrx_word' id='word_1_37' title='bbox 808 780 952 848; x_wconf 77' lang='lat' dir='ltr'><strong>Odalricus</strong></span> <span class='ocrx_word' id='word_1_38' title='bbox 986 793 1109 847; x_wconf 87' lang='lat' dir='ltr'><strong>marchio</strong></span> <span class='ocrx_word' id='word_1_39' title='bbox 1145 793 1363 862; x_wconf 86' lang='lat' dir='ltr'><strong>Oarentinorum,</strong></span> 
     </span>
     <span class='ocr_line' id='line_1_7' title="bbox 245 865 1386 939; baseline -0.002 -16"><span class='ocrx_word' id='word_1_40' title='bbox 245 873 378 939; x_wconf 75' lang='lat' dir='ltr'><strong>cognatus</strong></span> <span class='ocrx_word' id='word_1_41' title='bbox 396 867 462 932; x_wconf 89' lang='lat' dir='ltr'><strong>eius,</strong></span> <span class='ocrx_word' id='word_1_42' title='bbox 481 865 617 935; x_wconf 79' lang='lat' dir='ltr'><strong>aceepitb.</strong></span> <span class='ocrx_word' id='word_1_43' title='bbox 1374 885 1386 921; x_wconf 84' lang='lat' dir='ltr'><strong>o</strong></span> 
     </span>
    </p>
   </div>
   <div class='ocr_carea' id='block_1_4' title="bbox 351 935 1440 1004">
    <p class='ocr_par' dir='ltr' id='par_1_4' title="bbox 351 935 1440 1004">
     <span class='ocr_line' id='line_1_8' title="bbox 351 935 1440 1004; baseline -0.003 -12"><span class='ocrx_word' id='word_1_44' title='bbox 351 937 495 992; x_wconf 75' lang='lat' dir='ltr'><strong>MLXH.e</strong></span> <span class='ocrx_word' id='word_1_45' title='bbox 520 955 590 991; x_wconf 90' lang='lat' dir='ltr'><strong>anno</strong></span> <span class='ocrx_word' id='word_1_46' title='bbox 614 936 767 990; x_wconf 86' lang='lat' dir='ltr'><strong>dominicae</strong></span> <span class='ocrx_word' id='word_1_47' title='bbox 786 935 980 988; x_wconf 79' lang='lat' dir='ltr'><strong>incarnationis</strong></span> <span class='ocrx_word' id='word_1_48' title='bbox 1000 935 1218 1004; x_wconf 80' lang='lat' dir='ltr'><strong>[Willihelmusd</strong></span> <span class='ocrx_word' id='word_1_49' title='bbox 1241 935 1440 995; x_wconf 65' lang='lat' dir='ltr'><strong>marchiones.</strong></span> 
     </span>
    </p>
   </div>
   <div class='ocr_carea' id='block_1_5' title="bbox 240 1005 1399 2494">
    <p class='ocr_par' dir='ltr' id='par_1_5' title="bbox 240 1005 1399 2494">
     <span class='ocr_line' id='line_1_9' title="bbox 245 1005 1362 1078; baseline -0.002 -16"><span class='ocrx_word' id='word_1_50' title='bbox 245 1010 515 1078; x_wconf 71' lang='lat' dir='ltr'><strong>Thuringorum</strong></span> <span class='ocrx_word' id='word_1_51' title='bbox 534 1008 618 1077; x_wconf 89' lang='lat' dir='ltr'><strong>obiit].</strong></span> <span class='ocrx_word' id='word_1_52' title='bbox 655 1006 797 1060; x_wconf 88' lang='lat' dir='ltr'><strong>Marcham</strong></span> <span class='ocrx_word' id='word_1_53' title='bbox 817 1005 883 1060; x_wconf 90' lang='lat' dir='ltr'><strong>Otto</strong></span> <span class='ocrx_word' id='word_1_54' title='bbox 902 1005 988 1059; x_wconf 87' lang='lat' dir='ltr'><strong>frater</strong></span> <span class='ocrx_word' id='word_1_55' title='bbox 1006 1007 1063 1060; x_wconf 91' lang='lat' dir='ltr'><strong>eius</strong></span> <span class='ocrx_word' id='word_1_56' title='bbox 1089 1006 1215 1075; x_wconf 83' lang='lat' dir='ltr'><strong>optinuit.</strong></span> <span class='ocrx_word' id='word_1_57' title='bbox 1260 1005 1315 1060; x_wconf 85' lang='lat' dir='ltr'><strong>Sed</strong></span> <span class='ocrx_word' id='word_1_58' title='bbox 1340 1007 1362 1060; x_wconf 89' lang='lat' dir='ltr'><strong>is</strong></span> 
     </span>
     <span class='ocr_line' id='line_1_10' title="bbox 244 1073 1362 1148; baseline -0.004 -13"><span class='ocrx_word' id='word_1_59' title='bbox 244 1081 378 1135; x_wconf 88' lang='lat' dir='ltr'><strong>beneficia</strong></span> <span class='ocrx_word' id='word_1_60' title='bbox 396 1073 553 1148; x_wconf 82' lang='lat' dir='ltr'><strong>Mogontini</strong></span> <span class='ocrx_word' id='word_1_61' title='bbox 572 1079 743 1147; x_wconf 75' lang='lat' dir='ltr'><strong>episcopatus</strong></span> <span class='ocrx_word' id='word_1_62' title='bbox 769 1077 848 1131; x_wconf 89' lang='lat' dir='ltr'><strong>aliter</strong></span> <span class='ocrx_word' id='word_1_63' title='bbox 866 1078 990 1145; x_wconf 73' lang='lat' dir='ltr'><strong>optinere</strong></span> <span class='ocrx_word' id='word_1_64' title='bbox 1016 1095 1073 1131; x_wconf 92' lang='lat' dir='ltr'><strong>non</strong></span> <span class='ocrx_word' id='word_1_65' title='bbox 1098 1077 1198 1146; x_wconf 89' lang='lat' dir='ltr'><strong>potuit,</strong></span> <span class='ocrx_word' id='word_1_66' title='bbox 1223 1077 1274 1131; x_wconf 88' lang='lat' dir='ltr'><strong>nisi</strong></span> <span class='ocrx_word' id='word_1_67' title='bbox 1298 1095 1362 1146; x_wconf 90' lang='lat' dir='ltr'><strong>pro-</strong></span> 
     </span>
     <span class='ocr_line' id='line_1_11' title="bbox 244 1147 1363 1218; baseline -0.003 -13"><span class='ocrx_word' id='word_1_68' title='bbox 244 1153 368 1205; x_wconf 76' lang='lat' dir='ltr'><strong>mitteret</strong></span> <span class='ocrx_word' id='word_1_69' title='bbox 390 1150 508 1204; x_wconf 90' lang='lat' dir='ltr'><strong>decimas</strong></span> <span class='ocrx_word' id='word_1_70' title='bbox 532 1167 560 1203; x_wconf 89' lang='lat' dir='ltr'><strong>se</strong></span> <span class='ocrx_word' id='word_1_71' title='bbox 583 1149 617 1204; x_wconf 92' lang='lat' dir='ltr'><strong>de</strong></span> <span class='ocrx_word' id='word_1_72' title='bbox 640 1150 694 1202; x_wconf 92' lang='lat' dir='ltr'><strong>suis</strong></span> <span class='ocrx_word' id='word_1_73' title='bbox 720 1149 748 1201; x_wconf 93' lang='lat' dir='ltr'><strong>in</strong></span> <span class='ocrx_word' id='word_1_74' title='bbox 766 1148 918 1218; x_wconf 80' lang='lat' dir='ltr'><strong>Thuringia</strong></span> <span class='ocrx_word' id='word_1_75' title='bbox 942 1147 1155 1217; x_wconf 85' lang='lat' dir='ltr'><strong>possessionibus</strong></span> <span class='ocrx_word' id='word_1_76' title='bbox 1181 1149 1309 1202; x_wconf 87' lang='lat' dir='ltr'><strong>daturum</strong></span> <span class='ocrx_word' id='word_1_77' title='bbox 1335 1154 1363 1202; x_wconf 92' lang='lat' dir='ltr'><strong>et</strong></span> 
     </span>
     <span class='ocr_line' id='line_1_12' title="bbox 245 1218 1399 1290; baseline -0.001 -14"><span class='ocrx_word' id='word_1_78' title='bbox 245 1228 385 1277; x_wconf 78' lang='lat' dir='ltr'><strong>caeterose</strong></span> <span class='ocrx_word' id='word_1_79' title='bbox 403 1221 568 1290; x_wconf 83' lang='lat' dir='ltr'><strong>Thuringos,</strong></span> <span class='ocrx_word' id='word_1_80' title='bbox 587 1225 619 1274; x_wconf 90' lang='lat' dir='ltr'><strong>ut</strong></span> <span class='ocrx_word' id='word_1_81' title='bbox 635 1220 709 1274; x_wconf 90' lang='lat' dir='ltr'><strong>idem</strong></span> <span class='ocrx_word' id='word_1_82' title='bbox 722 1220 851 1286; x_wconf 86' lang='lat' dir='ltr'><strong>facerent,</strong></span> <span class='ocrx_word' id='word_1_83' title='bbox 870 1224 1036 1274; x_wconf 84' lang='lat' dir='ltr'><strong>coacturum.</strong></span> <span class='ocrx_word' id='word_1_84' title='bbox 1068 1218 1144 1288; x_wconf 80' lang='lat' dir='ltr'><strong>Quae</strong></span> <span class='ocrx_word' id='word_1_85' title='bbox 1156 1237 1200 1273; x_wconf 89' lang='lat' dir='ltr'><strong>res</strong></span> <span class='ocrx_word' id='word_1_86' title='bbox 1213 1220 1362 1273; x_wconf 87' lang='lat' dir='ltr'><strong>multorum</strong></span> <span class='ocrx_word' id='word_1_87' title='bbox 1374 1241 1399 1278; x_wconf 84' lang='lat' dir='ltr'><strong>so</strong></span> 
     </span>
     <span class='ocr_line' id='line_1_13' title="bbox 245 1290 1363 1360; baseline -0.003 -13"><span class='ocrx_word' id='word_1_88' title='bbox 245 1295 379 1347; x_wconf 87' lang='lat' dir='ltr'><strong>malorum</strong></span> <span class='ocrx_word' id='word_1_89' title='bbox 399 1291 574 1346; x_wconf 87' lang='lat' dir='ltr'><strong>seminarium</strong></span> <span class='ocrx_word' id='word_1_90' title='bbox 593 1290 653 1359; x_wconf 84' lang='lat' dir='ltr'><strong>fuit,</strong></span> <span class='ocrx_word' id='word_1_91' title='bbox 672 1291 870 1344; x_wconf 86' lang='lat' dir='ltr'><strong>detestantibus</strong></span> <span class='ocrx_word' id='word_1_92' title='bbox 889 1291 1015 1345; x_wconf 87' lang='lat' dir='ltr'><strong>omnibus</strong></span> <span class='ocrx_word' id='word_1_93' title='bbox 1029 1290 1176 1360; x_wconf 77' lang='lat' dir='ltr'><strong>Thuringis</strong></span> <span class='ocrx_word' id='word_1_94' title='bbox 1188 1291 1292 1344; x_wconf 89' lang='lat' dir='ltr'><strong>factum</strong></span> <span class='ocrx_word' id='word_1_95' title='bbox 1305 1292 1363 1344; x_wconf 86' lang='lat' dir='ltr'><strong>eius</strong></span> 
     </span>
     <span class='ocr_line' id='line_1_14' title="bbox 244 1361 1362 1432; baseline -0.004 -14"><span class='ocrx_word' id='word_1_96' title='bbox 244 1369 272 1420; x_wconf 89' lang='lat' dir='ltr'><strong>et</strong></span> <span class='ocrx_word' id='word_1_97' title='bbox 290 1365 471 1418; x_wconf 82' lang='lat' dir='ltr'><strong>asserentibus</strong></span> <span class='ocrx_word' id='word_1_98' title='bbox 490 1363 560 1415; x_wconf 92' lang='lat' dir='ltr'><strong>mori</strong></span> <span class='ocrx_word' id='word_1_99' title='bbox 578 1379 607 1416; x_wconf 87' lang='lat' dir='ltr'><strong>se</strong></span> <span class='ocrx_word' id='word_1_100' title='bbox 625 1363 708 1414; x_wconf 87' lang='lat' dir='ltr'><strong>malle</strong></span> <span class='ocrx_word' id='word_1_101' title='bbox 726 1379 808 1430; x_wconf 90' lang='lat' dir='ltr'><strong>quam</strong></span> <span class='ocrx_word' id='word_1_102' title='bbox 826 1365 935 1431; x_wconf 87' lang='lat' dir='ltr'><strong>patrum</strong></span> <span class='ocrx_word' id='word_1_103' title='bbox 954 1379 1066 1414; x_wconf 90' lang='lat' dir='ltr'><strong>suorum</strong></span> <span class='ocrx_word' id='word_1_104' title='bbox 1085 1361 1208 1432; x_wconf 82' lang='lat' dir='ltr'><strong>legitima</strong></span> <span class='ocrx_word' id='word_1_105' title='bbox 1227 1361 1362 1416; x_wconf 84' lang='lat' dir='ltr'><strong>amittere.</strong></span> 
     </span>
     <span class='ocr_line' id='line_1_15' title="bbox 350 1431 1362 1503; baseline -0.002 -15"><span class='ocrx_word' id='word_1_106' title='bbox 350 1433 502 1488; x_wconf 88' lang='lat' dir='ltr'>MLXVH.</span> <span class='ocrx_word' id='word_1_107' title='bbox 541 1431 607 1486; x_wconf 85' lang='lat' dir='ltr'><strong>Otto</strong></span> <span class='ocrx_word' id='word_1_108' title='bbox 626 1432 747 1486; x_wconf 86' lang='lat' dir='ltr'><strong>marchio</strong></span> <span class='ocrx_word' id='word_1_109' title='bbox 769 1432 973 1503; x_wconf 83' lang='lat' dir='ltr'><strong>Thuringorum</strong></span> <span class='ocrx_word' id='word_1_110' title='bbox 999 1432 1081 1498; x_wconf 88' lang='lat' dir='ltr'><strong>obiit,</strong></span> <span class='ocrx_word' id='word_1_111' title='bbox 1106 1432 1289 1502; x_wconf 83' lang='lat' dir='ltr'><strong>gaudentibus</strong></span> <span class='ocrx_word' id='word_1_112' title='bbox 1315 1433 1362 1486; x_wconf 91' lang='lat' dir='ltr'><strong>ad·</strong></span> 
     </span>
     <span class='ocr_line' id='line_1_16' title="bbox 243 1502 1362 1573; baseline -0.003 -14"><span class='ocrx_word' id='word_1_113' title='bbox 243 1507 355 1559; x_wconf 90' lang='lat' dir='ltr'><strong>modum</strong></span> <span class='ocrx_word' id='word_1_114' title='bbox 381 1506 410 1558; x_wconf 92' lang='lat' dir='ltr'><strong>in</strong></span> <span class='ocrx_word' id='word_1_115' title='bbox 435 1509 524 1557; x_wconf 87' lang='lat' dir='ltr'><strong>morte</strong></span> <span class='ocrx_word' id='word_1_116' title='bbox 547 1503 604 1557; x_wconf 89' lang='lat' dir='ltr'><strong>eins</strong></span> <span class='ocrx_word' id='word_1_117' title='bbox 630 1504 757 1558; x_wconf 88' lang='lat' dir='ltr'><strong>omnibus</strong></span> <span class='ocrx_word' id='word_1_118' title='bbox 775 1502 930 1572; x_wconf 83' lang='lat' dir='ltr'><strong>Thuringis,</strong></span> <span class='ocrx_word' id='word_1_119' title='bbox 957 1519 989 1557; x_wconf 88' lang='lat' dir='ltr'><strong>eo</strong></span> <span class='ocrx_word' id='word_1_120' title='bbox 1015 1503 1089 1571; x_wconf 90' lang='lat' dir='ltr'><strong>quod</strong></span> <span class='ocrx_word' id='word_1_121' title='bbox 1114 1504 1171 1573; x_wconf 87' lang='lat' dir='ltr'><strong>ipse</strong></span> <span class='ocrx_word' id='word_1_122' title='bbox 1196 1504 1300 1572; x_wconf 89' lang='lat' dir='ltr'><strong>primus</strong></span> <span class='ocrx_word' id='word_1_123' title='bbox 1329 1522 1362 1557; x_wconf 89' lang='lat' dir='ltr'><strong>ex</strong></span> 
     </span>
     <span class='ocr_line' id='line_1_17' title="bbox 243 1573 1399 1646; baseline 0.001 -16"><span class='ocrx_word' id='word_1_124' title='bbox 243 1576 412 1646; x_wconf 89' lang='lat' dir='ltr'><strong>principibus</strong></span> <span class='ocrx_word' id='word_1_125' title='bbox 424 1575 637 1643; x_wconf 84' lang='lat' dir='ltr'><strong>Thuringorum,</strong></span> <span class='ocrx_word' id='word_1_126' title='bbox 652 1578 683 1626; x_wconf 95' lang='lat' dir='ltr'><strong>ut</strong></span> <span class='ocrx_word' id='word_1_127' title='bbox 695 1573 846 1643; x_wconf 89' lang='lat' dir='ltr'><strong>predictum</strong></span> <span class='ocrx_word' id='word_1_128' title='bbox 861 1579 910 1642; x_wconf 89' lang='lat' dir='ltr'><strong>est,</strong></span> <span class='ocrx_word' id='word_1_129' title='bbox 925 1574 1045 1628; x_wconf 87' lang='lat' dir='ltr'><strong>decimas</strong></span> <span class='ocrx_word' id='word_1_130' title='bbox 1058 1591 1091 1627; x_wconf 89' lang='lat' dir='ltr'><strong>ex</strong></span> <span class='ocrx_word' id='word_1_131' title='bbox 1104 1574 1159 1628; x_wconf 88' lang='lat' dir='ltr'><strong>suis</strong></span> <span class='ocrx_word' id='word_1_132' title='bbox 1170 1574 1199 1627; x_wconf 88' lang='lat' dir='ltr'><strong>in</strong></span> <span class='ocrx_word' id='word_1_133' title='bbox 1212 1573 1364 1644; x_wconf 76' lang='lat' dir='ltr'><strong>Thuringia</strong></span> <span class='ocrx_word' id='word_1_134' title='bbox 1374 1593 1399 1632; x_wconf 79' lang='lat' dir='ltr'><strong>ro</strong></span> 
     </span>
     <span class='ocr_line' id='line_1_18' title="bbox 244 1645 1362 1717; baseline -0.002 -16"><span class='ocrx_word' id='word_1_135' title='bbox 244 1647 456 1717; x_wconf 86' lang='lat' dir='ltr'><strong>possessionibus</strong></span> <span class='ocrx_word' id='word_1_136' title='bbox 484 1646 551 1699; x_wconf 85' lang='lat' dir='ltr'><strong>dare</strong></span> <span class='ocrx_word' id='word_1_137' title='bbox 578 1645 758 1699; x_wconf 87' lang='lat' dir='ltr'><strong>consensisset</strong></span> <span class='ocrx_word' id='word_1_138' title='bbox 785 1649 813 1698; x_wconf 87' lang='lat' dir='ltr'><strong>et</strong></span> <span class='ocrx_word' id='word_1_139' title='bbox 838 1662 888 1714; x_wconf 90' lang='lat' dir='ltr'><strong>per</strong></span> <span class='ocrx_word' id='word_1_140' title='bbox 918 1645 971 1698; x_wconf 89' lang='lat' dir='ltr'><strong>hoc</strong></span> <span class='ocrx_word' id='word_1_141' title='bbox 999 1645 1183 1699; x_wconf 72' lang='lat' dir='ltr'><strong>calamitatem</strong></span> <span class='ocrx_word' id='word_1_142' title='bbox 1214 1646 1362 1699; x_wconf 86' lang='lat' dir='ltr'><strong>maximam</strong></span> 
     </span>
     <span class='ocr_line' id='line_1_19' title="bbox 243 1714 1363 1787; baseline -0.001 -16"><span class='ocrx_word' id='word_1_143' title='bbox 243 1719 319 1787; x_wconf 85' lang='lat' dir='ltr'><strong>genti</strong></span> <span class='ocrx_word' id='word_1_144' title='bbox 338 1735 402 1771; x_wconf 88' lang='lat' dir='ltr'><strong>suae</strong></span> <span class='ocrx_word' id='word_1_145' title='bbox 420 1717 554 1770; x_wconf 87' lang='lat' dir='ltr'><strong>invexisse</strong></span> <span class='ocrx_word' id='word_1_146' title='bbox 573 1715 720 1772; x_wconf 85' lang='lat' dir='ltr'><strong>videretur.</strong></span> <span class='ocrx_word' id='word_1_147' title='bbox 752 1714 895 1768; x_wconf 86' lang='lat' dir='ltr'><strong>Marcham</strong></span> <span class='ocrx_word' id='word_1_148' title='bbox 915 1715 972 1769; x_wconf 90' lang='lat' dir='ltr'><strong>eius</strong></span> <span class='ocrx_word' id='word_1_149' title='bbox 984 1715 1122 1785; x_wconf 78' lang='lat' dir='ltr'><strong>Egbertus</strong></span> <span class='ocrx_word' id='word_1_150' title='bbox 1139 1716 1272 1784; x_wconf 88' lang='lat' dir='ltr'><strong>patruelis</strong></span> <span class='ocrx_word' id='word_1_151' title='bbox 1290 1718 1363 1786; x_wconf 83' lang='lat' dir='ltr'><strong>regis</strong></span> 
     </span>
     <span class='ocr_line' id='line_1_20' title="bbox 243 1786 1361 1857; baseline -0.002 -15"><span class='ocrx_word' id='word_1_152' title='bbox 243 1789 370 1857; x_wconf 87' lang='lat' dir='ltr'><strong>suscepit,</strong></span> <span class='ocrx_word' id='word_1_153' title='bbox 392 1786 475 1841; x_wconf 69' lang='lat' dir='ltr'><strong>sedi</strong></span> <span class='ocrx_word' id='word_1_154' title='bbox 495 1805 563 1841; x_wconf 93' lang='lat' dir='ltr'><strong>non</strong></span> <span class='ocrx_word' id='word_1_155' title='bbox 583 1788 696 1840; x_wconf 86' lang='lat' dir='ltr'><strong>multo</strong></span> <span class='ocrx_word' id='word_1_156' title='bbox 715 1791 798 1855; x_wconf 87' lang='lat' dir='ltr'><strong>post</strong></span> <span class='ocrx_word' id='word_1_157' title='bbox 815 1787 949 1840; x_wconf 77' lang='lat' dir='ltr'><strong>modicas</strong></span> <span class='ocrx_word' id='word_1_158' title='bbox 971 1786 1046 1840; x_wconf 85' lang='lat' dir='ltr'><strong>febre</strong></span> <span class='ocrx_word' id='word_1_159' title='bbox 1065 1788 1188 1855; x_wconf 88' lang='lat' dir='ltr'><strong>pulsatus</strong></span> <span class='ocrx_word' id='word_1_160' title='bbox 1213 1789 1361 1841; x_wconf 85' lang='lat' dir='ltr'><strong>terminum</strong></span> 
     </span>
     <span class='ocr_line' id='line_1_21' title="bbox 242 1857 1362 1928; baseline -0.003 -15"><span class='ocrx_word' id='word_1_161' title='bbox 242 1859 314 1914; x_wconf 86' lang='lat' dir='ltr'><strong>vitae</strong></span> <span class='ocrx_word' id='word_1_162' title='bbox 334 1859 447 1928; x_wconf 85' lang='lat' dir='ltr'><strong>accepit.</strong></span> <span class='ocrx_word' id='word_1_163' title='bbox 484 1858 540 1912; x_wconf 86' lang='lat' dir='ltr'><strong>Sed</strong></span> <span class='ocrx_word' id='word_1_164' title='bbox 558 1859 698 1911; x_wconf 89' lang='lat' dir='ltr'><strong>marcham</strong></span> <span class='ocrx_word' id='word_1_165' title='bbox 718 1857 806 1910; x_wconf 90' lang='lat' dir='ltr'><strong>adhuc</strong></span> <span class='ocrx_word' id='word_1_166' title='bbox 824 1859 918 1911; x_wconf 82' lang='lat' dir='ltr'><strong>vivens</strong></span> <span class='ocrx_word' id='word_1_167' title='bbox 936 1857 1097 1926; x_wconf 72' lang='lat' dir='ltr'><strong>acquhierat</strong></span> <span class='ocrx_word' id='word_1_168' title='bbox 1115 1858 1171 1911; x_wconf 87' lang='lat' dir='ltr'><strong>filio</strong></span> <span class='ocrx_word' id='word_1_169' title='bbox 1190 1875 1248 1924; x_wconf 87' lang='lat' dir='ltr'><strong>suo,</strong></span> <span class='ocrx_word' id='word_1_170' title='bbox 1272 1864 1362 1912; x_wconf 89' lang='lat' dir='ltr'><strong>tener-</strong></span> 
     </span>
     <span class='ocr_line' id='line_1_22' title="bbox 242 1927 1398 2042; baseline 0.003 -58"><span class='ocrx_word' id='word_1_171' title='bbox 242 1931 327 1984; x_wconf 89' lang='lat' dir='ltr'><strong>rimae</strong></span> <span class='ocrx_word' id='word_1_172' title='bbox 353 1931 449 2042; x_wconf 65' lang='lat' dir='ltr'><strong>aetptis</strong></span> <span class='ocrx_word' id='word_1_173' title='bbox 474 1929 618 1996; x_wconf 85' lang='lat' dir='ltr'><strong>infantulo,</strong></span> <span class='ocrx_word' id='word_1_174' title='bbox 644 1947 726 1997; x_wconf 90' lang='lat' dir='ltr'><strong>quem</strong></span> <span class='ocrx_word' id='word_1_175' title='bbox 753 1929 780 1982; x_wconf 89' lang='lat' dir='ltr'><strong>ei</strong></span> <span class='ocrx_word' id='word_1_176' title='bbox 804 1928 886 1982; x_wconf 84' lang='lat' dir='ltr'><strong>vidua</strong></span> <span class='ocrx_word' id='word_1_177' title='bbox 911 1929 986 1982; x_wconf 87' lang='lat' dir='ltr'><strong>ducis</strong></span> <span class='ocrx_word' id='word_1_178' title='bbox 1007 1927 1116 1983; x_wconf 90' lang='lat' dir='ltr'><strong>Ottonis</strong></span> <span class='ocrx_word' id='word_1_179' title='bbox 1141 1930 1175 1982; x_wconf 93' lang='lat' dir='ltr'><strong>de</strong></span> <span class='ocrx_word' id='word_1_180' title='bbox 1201 1929 1398 1987; x_wconf 79' lang='lat' dir='ltr'><strong>Suuinefurtso</strong></span> 
     </span>
     <span class='ocr_line' id='line_1_23' title="bbox 263 2006 425 2056; baseline 0.006 -1"><span class='ocrx_word' id='word_1_181' title='bbox 263 2006 388 2056; x_wconf 89' lang='lat' dir='ltr'><strong>eererat</strong></span> <span class='ocrx_word' id='word_1_182' title='bbox 420 2045 425 2056; x_wconf 91' lang='lat'><em>.</em></span> 
     </span>
     <span class='ocr_line' id='line_1_24' title="bbox 242 2020 1362 2139; baseline -0.002 -13"><span class='ocrx_word' id='word_1_183' title='bbox 242 2020 296 2070; x_wconf 72' lang='lat' dir='ltr'><strong>pp</strong></span> <span class='ocrx_word' id='word_1_184' title='bbox 348 2069 517 2127; x_wconf 83' lang='lat' dir='ltr'>MLXXHI.</span> <span class='ocrx_word' id='word_1_185' title='bbox 548 2070 610 2126; x_wconf 85' lang='lat' dir='ltr'><strong>Rex</strong></span> <span class='ocrx_word' id='word_1_186' title='bbox 632 2071 751 2124; x_wconf 87' lang='lat' dir='ltr'><strong>natalem</strong></span> <span class='ocrx_word' id='word_1_187' title='bbox 779 2071 889 2123; x_wconf 92' lang='lat' dir='ltr'><strong>Domini</strong></span> <span class='ocrx_word' id='word_1_188' title='bbox 912 2069 1092 2139; x_wconf 80' lang='lat' dir='ltr'><strong>Babenbergl</strong></span> <span class='ocrx_word' id='word_1_189' title='bbox 1120 2071 1275 2126; x_wconf 87' lang='lat' dir='ltr'><strong>celebravit.</strong></span> <span class='ocrx_word' id='word_1_190' title='bbox 1317 2070 1362 2124; x_wconf 92' lang='lat' dir='ltr'><strong>Ibi</strong></span> 
     </span>
     <span class='ocr_line' id='line_1_25' title="bbox 243 2141 1363 2224; baseline -0.001 -28"><span class='ocrx_word' id='word_1_191' title='bbox 243 2142 367 2196; x_wconf 74' lang='lat' dir='ltr'><strong>Annok</strong></span> <span class='ocrx_word' id='word_1_192' title='bbox 388 2141 559 2197; x_wconf 84' lang='lat' dir='ltr'><strong>Coloniensis</strong></span> <span class='ocrx_word' id='word_1_193' title='bbox 578 2141 807 2224; x_wconf 79' lang='lat' dir='ltr'><strong>archiepiscopus,</strong></span> <span class='ocrx_word' id='word_1_194' title='bbox 826 2141 944 2223; x_wconf 67' lang='lat' dir='ltr'><strong>offensus</strong></span> <span class='ocrx_word' id='word_1_195' title='bbox 969 2141 1099 2209; x_wconf 88' lang='lat' dir='ltr'><strong>hisquae</strong></span> <span class='ocrx_word' id='word_1_196' title='bbox 1125 2142 1244 2224; x_wconf 86' lang='lat' dir='ltr'><strong>plurima</strong></span> <span class='ocrx_word' id='word_1_197' title='bbox 1269 2147 1363 2223; x_wconf 86' lang='lat' dir='ltr'><strong>preter</strong></span> 
     </span>
     <span class='ocr_line' id='line_1_26' title="bbox 240 2212 1397 2353; baseline 0.003 -16"><span class='ocrx_word' id='word_1_198' title='bbox 240 2212 1397 2353; x_wconf 61' lang='lat' dir='ltr'><strong>tlttittl&#39;⁰tllmfltll1lbl²¹tblttbltlt⁶llbttltbtttts</strong></span> 
     </span>
     <span class='ocr_line' id='line_1_27' title="bbox 241 2353 1360 2425; baseline 0.001 -18"><span class='ocrx_word' id='word_1_199' title='bbox 241 2356 294 2408; x_wconf 89' lang='lat' dir='ltr'><strong>iam</strong></span> <span class='ocrx_word' id='word_1_200' title='bbox 313 2360 473 2424; x_wconf 83' lang='lat' dir='ltr'><strong>vergentem</strong></span> <span class='ocrx_word' id='word_1_201' title='bbox 493 2358 612 2408; x_wconf 87' lang='lat' dir='ltr'><strong>aetatem</strong></span> <span class='ocrx_word' id='word_1_202' title='bbox 634 2359 662 2408; x_wconf 89' lang='lat' dir='ltr'><strong>et</strong></span> <span class='ocrx_word' id='word_1_203' title='bbox 686 2353 829 2408; x_wconf 85' lang='lat' dir='ltr'><strong>laboriosis</strong></span> <span class='ocrx_word' id='word_1_204' title='bbox 854 2354 933 2425; x_wconf 78' lang='lat' dir='ltr'><strong>regni</strong></span> <span class='ocrx_word' id='word_1_205' title='bbox 957 2354 1077 2424; x_wconf 80' lang='lat' dir='ltr'><strong>negociis</strong></span> <span class='ocrx_word' id='word_1_206' title='bbox 1102 2355 1192 2407; x_wconf 89' lang='lat' dir='ltr'><strong>minus</strong></span> <span class='ocrx_word' id='word_1_207' title='bbox 1216 2355 1360 2422; x_wconf 88' lang='lat' dir='ltr'><strong>minusque</strong></span> 
     </span>
     <span class='ocr_line' id='line_1_28' title="bbox 241 2423 1360 2494; baseline 0 -16"><span class='ocrx_word' id='word_1_208' title='bbox 241 2427 268 2478; x_wconf 92' lang='lat' dir='ltr'><strong>in</strong></span> <span class='ocrx_word' id='word_1_209' title='bbox 294 2425 351 2478; x_wconf 92' lang='lat' dir='ltr'><strong>dies</strong></span> <span class='ocrx_word' id='word_1_210' title='bbox 373 2425 564 2479; x_wconf 78' lang='lat' dir='ltr'><strong>sufficientem.</strong></span> <span class='ocrx_word' id='word_1_211' title='bbox 607 2423 687 2494; x_wconf 81' lang='lat' dir='ltr'><strong>Quod</strong></span> <span class='ocrx_word' id='word_1_212' title='bbox 711 2441 761 2479; x_wconf 87' lang='lat' dir='ltr'><strong>rex</strong></span> <span class='ocrx_word' id='word_1_213' title='bbox 786 2425 854 2478; x_wconf 89' lang='lat' dir='ltr'><strong>haut</strong></span> <span class='ocrx_word' id='word_1_214' title='bbox 878 2424 1027 2478; x_wconf 83' lang='lat' dir='ltr'><strong>difficulter</strong></span> <span class='ocrx_word' id='word_1_215' title='bbox 1050 2427 1154 2492; x_wconf 89' lang='lat' dir='ltr'><strong>annuit,</strong></span> <span class='ocrx_word' id='word_1_216' title='bbox 1181 2425 1243 2494; x_wconf 90' lang='lat' dir='ltr'><strong>quia</strong></span> <span class='ocrx_word' id='word_1_217' title='bbox 1268 2427 1360 2494; x_wconf 86' lang='lat' dir='ltr'><strong>pravis</strong></span> 
     </span>
    </p>
   </div>
   <div class='ocr_carea' id='block_1_6' title="bbox 240 2495 1441 2565">
    <p class='ocr_par' dir='ltr' id='par_1_6' title="bbox 240 2495 1441 2565">
     <span class='ocr_line' id='line_1_29' title="bbox 240 2495 1441 2565; baseline 0.001 -17"><span class='ocrx_word' id='word_1_218' title='bbox 240 2495 400 2550; x_wconf 90' lang='lat' dir='ltr'><strong>libidinibus</strong></span> <span class='ocrx_word' id='word_1_219' title='bbox 426 2497 479 2550; x_wconf 91' lang='lat' dir='ltr'><strong>suis</strong></span> <span class='ocrx_word' id='word_1_220' title='bbox 504 2500 531 2549; x_wconf 89' lang='lat' dir='ltr'><strong>et</strong></span> <span class='ocrx_word' id='word_1_221' title='bbox 561 2495 725 2550; x_wconf 86' lang='lat' dir='ltr'><strong>iuvenilibus</strong></span> <span class='ocrx_word' id='word_1_222' title='bbox 754 2496 864 2565; x_wconf 90' lang='lat' dir='ltr'><strong>ineptiis</strong></span> <span class='ocrx_word' id='word_1_223' title='bbox 892 2497 948 2549; x_wconf 88' lang='lat' dir='ltr'><strong>iam</strong></span> <span class='ocrx_word' id='word_1_224' title='bbox 978 2496 1082 2549; x_wconf 91' lang='lat' dir='ltr'><strong>dudum</strong></span> <span class='ocrx_word' id='word_1_225' title='bbox 1113 2497 1441 2555; x_wconf 63' lang='lat' dir='ltr'><strong>‘animadverteratuts&#39;a</strong></span> 
     </span>
    </p>
   </div>
   <div class='ocr_carea' id='block_1_7' title="bbox 239 2567 1396 3984">
    <p class='ocr_par' dir='ltr' id='par_1_7' title="bbox 239 2567 1396 3984">
     <span class='ocr_line' id='line_1_30' title="bbox 240 2567 1359 2649; baseline 0 -29"><span class='ocrx_word' id='word_1_226' title='bbox 240 2585 302 2621; x_wconf 92' lang='lat' dir='ltr'><strong>eum</strong></span> <span class='ocrx_word' id='word_1_227' title='bbox 328 2568 449 2638; x_wconf 81' lang='lat' dir='ltr'><strong>graviter</strong></span> <span class='ocrx_word' id='word_1_228' title='bbox 475 2567 578 2620; x_wconf 79' lang='lat' dir='ltr'><strong>offendi</strong></span> <span class='ocrx_word' id='word_1_229' title='bbox 604 2572 632 2619; x_wconf 90' lang='lat' dir='ltr'><strong>et</strong></span> <span class='ocrx_word' id='word_1_230' title='bbox 658 2568 834 2636; x_wconf 87' lang='lat' dir='ltr'><strong>plerumque,</strong></span> <span class='ocrx_word' id='word_1_231' title='bbox 860 2571 992 2634; x_wconf 89' lang='lat' dir='ltr'><strong>quantum</strong></span> <span class='ocrx_word' id='word_1_232' title='bbox 1020 2567 1096 2620; x_wconf 87' lang='lat' dir='ltr'><strong>salva</strong></span> <span class='ocrx_word' id='word_1_233' title='bbox 1122 2567 1198 2636; x_wconf 79' lang='lat' dir='ltr'><strong>regia</strong></span> <span class='ocrx_word' id='word_1_234' title='bbox 1226 2567 1359 2649; x_wconf 71' lang='lat' dir='ltr'><strong>dignitate</strong></span> 
     </span>
     <span class='ocr_line' id='line_1_31' title="bbox 240 2637 1396 2707; baseline 0.004 -16"><span class='ocrx_word' id='word_1_235' title='bbox 240 2642 356 2707; x_wconf 85' lang='lat' dir='ltr'><strong>poterat,</strong></span> <span class='ocrx_word' id='word_1_236' title='bbox 375 2655 425 2707; x_wconf 91' lang='lat' dir='ltr'><strong>pro</strong></span> <span class='ocrx_word' id='word_1_237' title='bbox 445 2637 517 2692; x_wconf 83' lang='lat' dir='ltr'><strong>virili</strong></span> <span class='ocrx_word' id='word_1_238' title='bbox 535 2637 661 2706; x_wconf 87' lang='lat' dir='ltr'><strong>portione</strong></span> <span class='ocrx_word' id='word_1_239' title='bbox 679 2637 776 2693; x_wconf 90' lang='lat' dir='ltr'><strong>obniti.</strong></span> <span class='ocrx_word' id='word_1_240' title='bbox 812 2637 841 2691; x_wconf 91' lang='lat' dir='ltr'><strong>Is</strong></span> <span class='ocrx_word' id='word_1_241' title='bbox 860 2654 926 2707; x_wconf 86' lang='lat' dir='ltr'><strong>ergo</strong></span> <span class='ocrx_word' id='word_1_242' title='bbox 945 2637 993 2692; x_wconf 91' lang='lat' dir='ltr'><strong>ubi</strong></span> <span class='ocrx_word' id='word_1_243' title='bbox 1011 2655 1039 2691; x_wconf 89' lang='lat' dir='ltr'><strong>se</strong></span> <span class='ocrx_word' id='word_1_244' title='bbox 1061 2639 1089 2691; x_wconf 90' lang='lat' dir='ltr'><strong>in</strong></span> <span class='ocrx_word' id='word_1_245' title='bbox 1107 2655 1156 2690; x_wconf 91' lang='lat' dir='ltr'><strong>sua</strong></span> <span class='ocrx_word' id='word_1_246' title='bbox 1173 2644 1285 2707; x_wconf 78' lang='lat' dir='ltr'><strong>recepit,</strong></span> <span class='ocrx_word' id='word_1_247' title='bbox 1310 2657 1358 2692; x_wconf 88' lang='lat' dir='ltr'><strong>rex</strong></span> <span class='ocrx_word' id='word_1_248' title='bbox 1370 2659 1396 2696; x_wconf 84' lang='lat' dir='ltr'><strong>so</strong></span> 
     </span>
     <span class='ocr_line' id='line_1_32' title="bbox 240 2708 1359 2779; baseline 0 -17"><span class='ocrx_word' id='word_1_249' title='bbox 240 2713 371 2776; x_wconf 86' lang='lat' dir='ltr'><strong>tanquam</strong></span> <span class='ocrx_word' id='word_1_250' title='bbox 390 2708 560 2762; x_wconf 85' lang='lat' dir='ltr'><strong>severissimo</strong></span> <span class='ocrx_word' id='word_1_251' title='bbox 579 2709 722 2777; x_wconf 79' lang='lat' dir='ltr'><strong>pedagogo</strong></span> <span class='ocrx_word' id='word_1_252' title='bbox 742 2709 872 2763; x_wconf 90' lang='lat' dir='ltr'><strong>liberatus</strong></span> <span class='ocrx_word' id='word_1_253' title='bbox 890 2709 984 2762; x_wconf 88' lang='lat' dir='ltr'><strong>statim</strong></span> <span class='ocrx_word' id='word_1_254' title='bbox 1002 2709 1030 2760; x_wconf 90' lang='lat' dir='ltr'><strong>in</strong></span> <span class='ocrx_word' id='word_1_255' title='bbox 1049 2710 1141 2762; x_wconf 91' lang='lat' dir='ltr'><strong>omnia</strong></span> <span class='ocrx_word' id='word_1_256' title='bbox 1159 2727 1260 2779; x_wconf 80' lang='lat' dir='ltr'><strong>genera</strong></span> <span class='ocrx_word' id='word_1_257' title='bbox 1282 2709 1359 2779; x_wconf 87' lang='lat' dir='ltr'><strong>flagi-</strong></span> 
     </span>
     <span class='ocr_line' id='line_1_33' title="bbox 241 2779 1360 2848; baseline 0.001 -16"><span class='ocrx_word' id='word_1_258' title='bbox 241 2780 342 2832; x_wconf 89' lang='lat' dir='ltr'><strong>tiorum</strong></span> <span class='ocrx_word' id='word_1_259' title='bbox 361 2798 393 2833; x_wconf 91' lang='lat' dir='ltr'><strong>ru</strong></span> <span class='ocrx_word' id='word_1_260' title='bbox 413 2779 449 2833; x_wconf 90' lang='lat' dir='ltr'><strong>tis</strong></span> <span class='ocrx_word' id='word_1_261' title='bbox 468 2779 595 2833; x_wconf 90' lang='lat' dir='ltr'><strong>omnibus</strong></span> <span class='ocrx_word' id='word_1_262' title='bbox 613 2779 763 2833; x_wconf 85' lang='lat' dir='ltr'><strong>modestiae</strong></span> <span class='ocrx_word' id='word_1_263' title='bbox 782 2785 810 2833; x_wconf 91' lang='lat' dir='ltr'><strong>et</strong></span> <span class='ocrx_word' id='word_1_264' title='bbox 828 2780 1025 2848; x_wconf 86' lang='lat' dir='ltr'><strong>temperantiae</strong></span> <span class='ocrx_word' id='word_1_265' title='bbox 1043 2779 1126 2833; x_wconf 87' lang='lat' dir='ltr'><strong>frenis</strong></span> <span class='ocrx_word' id='word_1_266' title='bbox 1144 2780 1307 2848; x_wconf 86' lang='lat' dir='ltr'><strong>precipitem</strong></span> <span class='ocrx_word' id='word_1_267' title='bbox 1331 2798 1360 2833; x_wconf 89' lang='lat' dir='ltr'><strong>se</strong></span> 
     </span>
     <span class='ocr_line' id='line_1_34' title="bbox 240 2849 1360 2920; baseline 0 -16"><span class='ocrx_word' id='word_1_268' title='bbox 240 2850 323 2905; x_wconf 88' lang='lat' dir='ltr'><strong>dedit.</strong></span> <span class='ocrx_word' id='word_1_269' title='bbox 402 2854 479 2904; x_wconf 88' lang='lat' dir='ltr'><strong>ontes</strong></span> <span class='ocrx_word' id='word_1_270' title='bbox 505 2867 599 2904; x_wconf 90' lang='lat' dir='ltr'><strong>omnes</strong></span> <span class='ocrx_word' id='word_1_271' title='bbox 625 2851 819 2919; x_wconf 88' lang='lat' dir='ltr'><strong>colliculosque</strong></span> <span class='ocrx_word' id='word_1_272' title='bbox 844 2849 978 2905; x_wconf 89' lang='lat' dir='ltr'><strong>Saxoniae</strong></span> <span class='ocrx_word' id='word_1_273' title='bbox 1004 2855 1031 2904; x_wconf 88' lang='lat' dir='ltr'><strong>at</strong></span> <span class='ocrx_word' id='word_1_274' title='bbox 1050 2850 1217 2920; x_wconf 76' lang='lat' dir='ltr'><strong>Thus-ingles</strong></span> <span class='ocrx_word' id='word_1_275' title='bbox 1243 2852 1360 2905; x_wconf 87' lang='lat' dir='ltr'><strong>castellis</strong></span> 
     </span>
     <span class='ocr_line' id='line_1_35' title="bbox 239 2920 1359 2990; baseline 0.003 -17"><span class='ocrx_word' id='word_1_276' title='bbox 239 2921 428 2974; x_wconf 83' lang='lat' dir='ltr'><strong>munitissimis</strong></span> <span class='ocrx_word' id='word_1_277' title='bbox 447 2921 569 2975; x_wconf 87' lang='lat' dir='ltr'><strong>extruxit</strong></span> <span class='ocrx_word' id='word_1_278' title='bbox 586 2921 789 2989; x_wconf 74' lang='lat' dir='ltr'><strong>praesidiumque</strong></span> <span class='ocrx_word' id='word_1_279' title='bbox 807 2921 945 2990; x_wconf 89' lang='lat' dir='ltr'><strong>imposuit.</strong></span> <span class='ocrx_word' id='word_1_280' title='bbox 977 2920 1158 2990; x_wconf 80' lang='lat' dir='ltr'><strong>Quibuscum</strong></span> <span class='ocrx_word' id='word_1_281' title='bbox 1171 2921 1255 2975; x_wconf 84' lang='lat' dir='ltr'><strong>victui</strong></span> <span class='ocrx_word' id='word_1_282' title='bbox 1267 2939 1359 2976; x_wconf 88' lang='lat' dir='ltr'><strong>neess-</strong></span> 
     </span>
     <span class='ocr_line' id='line_1_36' title="bbox 240 2991 1396 3062; baseline 0.005 -18"><span class='ocrx_word' id='word_1_283' title='bbox 240 2993 310 3045; x_wconf 88' lang='lat' dir='ltr'><strong>saria</strong></span> <span class='ocrx_word' id='word_1_284' title='bbox 328 2993 417 3046; x_wconf 88' lang='lat' dir='ltr'><strong>minus</strong></span> <span class='ocrx_word' id='word_1_285' title='bbox 436 2991 602 3060; x_wconf 84' lang='lat' dir='ltr'><strong>sufficerent,</strong></span> <span class='ocrx_word' id='word_1_286' title='bbox 622 2993 754 3061; x_wconf 88' lang='lat' dir='ltr'><strong>permisit,</strong></span> <span class='ocrx_word' id='word_1_287' title='bbox 779 2999 862 3046; x_wconf 82' lang='lat' dir='ltr'><strong>atax</strong></span> <span class='ocrx_word' id='word_1_288' title='bbox 881 2992 1013 3060; x_wconf 87' lang='lat' dir='ltr'><strong>proximis</strong></span> <span class='ocrx_word' id='word_1_289' title='bbox 1031 2992 1103 3045; x_wconf 74' lang='lat' dir='ltr'><strong>villu</strong></span> <span class='ocrx_word' id='word_1_290' title='bbox 1123 2997 1151 3046; x_wconf 89' lang='lat' dir='ltr'><strong>et</strong></span> <span class='ocrx_word' id='word_1_291' title='bbox 1169 2993 1242 3062; x_wconf 77' lang='lat' dir='ltr'><strong>agris</strong></span> <span class='ocrx_word' id='word_1_292' title='bbox 1267 2993 1396 3050; x_wconf 77' lang='lat' dir='ltr'><strong>hostiliae</strong></span> 
     </span>
     <span class='ocr_line' id='line_1_37' title="bbox 240 3063 1359 3133; baseline 0.001 -17"><span class='ocrx_word' id='word_1_293' title='bbox 240 3080 316 3116; x_wconf 89' lang='lat' dir='ltr'><strong>more</strong></span> <span class='ocrx_word' id='word_1_294' title='bbox 347 3063 445 3131; x_wconf 90' lang='lat' dir='ltr'><strong>predas</strong></span> <span class='ocrx_word' id='word_1_295' title='bbox 476 3067 591 3130; x_wconf 81' lang='lat' dir='ltr'><strong>agerent</strong></span> <span class='ocrx_word' id='word_1_296' title='bbox 621 3068 649 3116; x_wconf 90' lang='lat' dir='ltr'><strong>et</strong></span> <span class='ocrx_word' id='word_1_297' title='bbox 679 3063 714 3116; x_wconf 87' lang='lat' dir='ltr'><strong>ad</strong></span> <span class='ocrx_word' id='word_1_298' title='bbox 741 3063 801 3132; x_wconf 89' lang='lat' dir='ltr'><strong>ipsa</strong></span> <span class='ocrx_word' id='word_1_299' title='bbox 829 3064 941 3117; x_wconf 87' lang='lat' dir='ltr'><strong>castella</strong></span> <span class='ocrx_word' id='word_1_300' title='bbox 970 3063 1118 3117; x_wconf 87' lang='lat' dir='ltr'><strong>munienda</strong></span> <span class='ocrx_word' id='word_1_301' title='bbox 1149 3063 1359 3133; x_wconf 86' lang='lat' dir='ltr'><strong>circumquaque</strong></span> 
     </span>
     <span class='ocr_line' id='line_1_38' title="bbox 240 3133 1359 3205; baseline 0.002 -19"><span class='ocrx_word' id='word_1_302' title='bbox 240 3138 381 3188; x_wconf 89' lang='lat' dir='ltr'><strong>manentes</strong></span> <span class='ocrx_word' id='word_1_303' title='bbox 407 3139 538 3205; x_wconf 82' lang='lat' dir='ltr'><strong>cogerent</strong></span> <span class='ocrx_word' id='word_1_304' title='bbox 563 3138 591 3187; x_wconf 89' lang='lat' dir='ltr'><strong>et</strong></span> <span class='ocrx_word' id='word_1_305' title='bbox 620 3135 756 3202; x_wconf 88' lang='lat' dir='ltr'><strong>impensas</strong></span> <span class='ocrx_word' id='word_1_306' title='bbox 781 3133 886 3187; x_wconf 82' lang='lat' dir='ltr'><strong>affatim</strong></span> <span class='ocrx_word' id='word_1_307' title='bbox 915 3139 1077 3188; x_wconf 83' lang='lat' dir='ltr'><strong>convectare</strong></span> <span class='ocrx_word' id='word_1_308' title='bbox 1102 3137 1129 3187; x_wconf 88' lang='lat' dir='ltr'><strong>et</strong></span> <span class='ocrx_word' id='word_1_309' title='bbox 1156 3151 1207 3202; x_wconf 89' lang='lat' dir='ltr'><strong>per</strong></span> <span class='ocrx_word' id='word_1_310' title='bbox 1231 3152 1261 3188; x_wconf 91' lang='lat' dir='ltr'><strong>se</strong></span> <span class='ocrx_word' id='word_1_311' title='bbox 1286 3135 1359 3204; x_wconf 89' lang='lat' dir='ltr'><strong>ipsos</strong></span> 
     </span>
     <span class='ocr_line' id='line_1_39' title="bbox 240 3204 1360 3273; baseline 0 -15"><span class='ocrx_word' id='word_1_312' title='bbox 240 3206 332 3258; x_wconf 87' lang='lat' dir='ltr'><strong>servili</strong></span> <span class='ocrx_word' id='word_1_313' title='bbox 356 3222 439 3258; x_wconf 88' lang='lat' dir='ltr'><strong>mana</strong></span> <span class='ocrx_word' id='word_1_314' title='bbox 457 3204 598 3260; x_wconf 88' lang='lat' dir='ltr'><strong>desudare.</strong></span> <span class='ocrx_word' id='word_1_315' title='bbox 630 3205 736 3259; x_wconf 83' lang='lat' dir='ltr'><strong>Verum</strong></span> <span class='ocrx_word' id='word_1_316' title='bbox 755 3222 791 3258; x_wconf 90' lang='lat' dir='ltr'><strong>no</strong></span> <span class='ocrx_word' id='word_1_317' title='bbox 815 3205 960 3259; x_wconf 87' lang='lat' dir='ltr'><strong>manifeste</strong></span> <span class='ocrx_word' id='word_1_318' title='bbox 985 3205 1136 3273; x_wconf 84' lang='lat' dir='ltr'><strong>tyrannidis</strong></span> <span class='ocrx_word' id='word_1_319' title='bbox 1161 3210 1311 3273; x_wconf 78' lang='lat' dir='ltr'><strong>notaretur,</strong></span> <span class='ocrx_word' id='word_1_320' title='bbox 1337 3205 1360 3258; x_wconf 91' lang='lat' dir='ltr'><strong>si</strong></span> 
     </span>
     <span class='ocr_line' id='line_1_40' title="bbox 240 3276 1359 3345; baseline 0 -15"><span class='ocrx_word' id='word_1_321' title='bbox 240 3281 336 3330; x_wconf 85' lang='lat' dir='ltr'><strong>eontra</strong></span> <span class='ocrx_word' id='word_1_322' title='bbox 353 3276 513 3331; x_wconf 88' lang='lat' dir='ltr'><strong>innocentes</strong></span> <span class='ocrx_word' id='word_1_323' title='bbox 532 3280 614 3344; x_wconf 89' lang='lat' dir='ltr'><strong>atque</strong></span> <span class='ocrx_word' id='word_1_324' title='bbox 632 3277 660 3329; x_wconf 94' lang='lat' dir='ltr'><strong>in</strong></span> <span class='ocrx_word' id='word_1_325' title='bbox 678 3293 795 3345; x_wconf 81' lang='lat' dir='ltr'><strong>regnum</strong></span> <span class='ocrx_word' id='word_1_326' title='bbox 814 3276 955 3344; x_wconf 90' lang='lat' dir='ltr'><strong>proprium</strong></span> <span class='ocrx_word' id='word_1_327' title='bbox 982 3281 1038 3329; x_wconf 90' lang='lat' dir='ltr'><strong>tam</strong></span> <span class='ocrx_word' id='word_1_328' title='bbox 1056 3277 1174 3330; x_wconf 86' lang='lat' dir='ltr'><strong>barbara</strong></span> <span class='ocrx_word' id='word_1_329' title='bbox 1198 3277 1359 3330; x_wconf 87' lang='lat' dir='ltr'><strong>crudelitate</strong></span> 
     </span>
     <span class='ocr_line' id='line_1_41' title="bbox 239 3347 1396 3418; baseline 0.003 -18"><span class='ocrx_word' id='word_1_330' title='bbox 239 3351 418 3418; x_wconf 79' lang='lat' dir='ltr'><strong>grassaretur,</strong></span> <span class='ocrx_word' id='word_1_331' title='bbox 443 3350 474 3400; x_wconf 90' lang='lat' dir='ltr'><strong>ut</strong></span> <span class='ocrx_word' id='word_1_332' title='bbox 499 3347 669 3415; x_wconf 86' lang='lat' dir='ltr'><strong>impietatem</strong></span> <span class='ocrx_word' id='word_1_333' title='bbox 694 3364 771 3400; x_wconf 89' lang='lat' dir='ltr'><strong>suam</strong></span> <span class='ocrx_word' id='word_1_334' title='bbox 796 3347 915 3414; x_wconf 88' lang='lat' dir='ltr'><strong>quadam</strong></span> <span class='ocrx_word' id='word_1_335' title='bbox 942 3347 1081 3418; x_wconf 79' lang='lat' dir='ltr'><strong>religionis</strong></span> <span class='ocrx_word' id='word_1_336' title='bbox 1106 3348 1197 3415; x_wconf 87' lang='lat' dir='ltr'><strong>specie</strong></span> <span class='ocrx_word' id='word_1_337' title='bbox 1224 3347 1396 3416; x_wconf 64' lang='lat' dir='ltr'><strong>palliaret-sa</strong></span> 
     </span>
     <span class='ocr_line' id='line_1_42' title="bbox 240 3416 1360 3488; baseline 0 -17"><span class='ocrx_word' id='word_1_338' title='bbox 240 3418 473 3487; x_wconf 87' lang='lat' dir='ltr'><strong>archiepiscopum</strong></span> <span class='ocrx_word' id='word_1_339' title='bbox 487 3416 681 3488; x_wconf 80' lang='lat' dir='ltr'><strong>Mogontinum</strong></span> <span class='ocrx_word' id='word_1_340' title='bbox 700 3417 788 3470; x_wconf 89' lang='lat' dir='ltr'><strong>modis</strong></span> <span class='ocrx_word' id='word_1_341' title='bbox 807 3418 933 3472; x_wconf 91' lang='lat' dir='ltr'><strong>omnibus</strong></span> <span class='ocrx_word' id='word_1_342' title='bbox 951 3418 1097 3488; x_wconf 79' lang='lat' dir='ltr'><strong>instigavit,</strong></span> <span class='ocrx_word' id='word_1_343' title='bbox 1117 3423 1148 3472; x_wconf 92' lang='lat' dir='ltr'><strong>ut</strong></span> <span class='ocrx_word' id='word_1_344' title='bbox 1165 3419 1360 3472; x_wconf 87' lang='lat' dir='ltr'><strong>decimationes</strong></span> 
     </span>
     <span class='ocr_line' id='line_1_43' title="bbox 241 3488 1359 3559; baseline 0.003 -19"><span class='ocrx_word' id='word_1_345' title='bbox 241 3488 416 3559; x_wconf 82' lang='lat' dir='ltr'><strong>Thuringiae,</strong></span> <span class='ocrx_word' id='word_1_346' title='bbox 435 3489 506 3542; x_wconf 89' lang='lat' dir='ltr'><strong>sicut</strong></span> <span class='ocrx_word' id='word_1_347' title='bbox 524 3493 587 3542; x_wconf 86' lang='lat' dir='ltr'><strong>ante</strong></span> <span class='ocrx_word' id='word_1_348' title='bbox 604 3489 697 3557; x_wconf 88' lang='lat' dir='ltr'><strong>plures</strong></span> <span class='ocrx_word' id='word_1_349' title='bbox 717 3505 802 3542; x_wconf 86' lang='lat' dir='ltr'><strong>annos</strong></span> <span class='ocrx_word' id='word_1_350' title='bbox 825 3488 988 3555; x_wconf 87' lang='lat' dir='ltr'><strong>instituerat,</strong></span> <span class='ocrx_word' id='word_1_351' title='bbox 1017 3489 1149 3559; x_wconf 77' lang='lat' dir='ltr'><strong>exigeret,</strong></span> <span class='ocrx_word' id='word_1_352' title='bbox 1175 3489 1306 3558; x_wconf 91' lang='lat' dir='ltr'><strong>pollicens</strong></span> <span class='ocrx_word' id='word_1_353' title='bbox 1331 3507 1359 3544; x_wconf 88' lang='lat' dir='ltr'><strong>se</strong></span> 
     </span>
     <span class='ocr_line' id='line_1_44' title="bbox 240 3559 1359 3642; baseline 0 -30"><span class='ocrx_word' id='word_1_354' title='bbox 240 3559 265 3612; x_wconf 86' lang='lat' dir='ltr'><strong>ei</strong></span> <span class='ocrx_word' id='word_1_355' title='bbox 284 3559 312 3612; x_wconf 92' lang='lat' dir='ltr'><strong>in</strong></span> <span class='ocrx_word' id='word_1_356' title='bbox 331 3561 465 3642; x_wconf 81' lang='lat' dir='ltr'><strong>exigendo</strong></span> <span class='ocrx_word' id='word_1_357' title='bbox 484 3577 591 3613; x_wconf 88' lang='lat' dir='ltr'><strong>summa</strong></span> <span class='ocrx_word' id='word_1_358' title='bbox 610 3577 662 3629; x_wconf 91' lang='lat' dir='ltr'><strong>ope</strong></span> <span class='ocrx_word' id='word_1_359' title='bbox 686 3559 852 3612; x_wconf 84' lang='lat' dir='ltr'><strong>affuturuml</strong></span> <span class='ocrx_word' id='word_1_360' title='bbox 879 3563 907 3614; x_wconf 88' lang='lat' dir='ltr'><strong>et</strong></span> <span class='ocrx_word' id='word_1_361' title='bbox 928 3559 1002 3614; x_wconf 91' lang='lat' dir='ltr'><strong>dioto</strong></span> <span class='ocrx_word' id='word_1_362' title='bbox 1021 3561 1210 3628; x_wconf 88' lang='lat' dir='ltr'><strong>obtemperare</strong></span> <span class='ocrx_word' id='word_1_363' title='bbox 1235 3561 1359 3614; x_wconf 90' lang='lat' dir='ltr'><strong>nolentes</strong></span> 
     </span>
     <span class='ocr_line' id='line_1_45' title="bbox 239 3630 1359 3700; baseline 0.002 -18"><span class='ocrx_word' id='word_1_364' title='bbox 239 3630 315 3699; x_wconf 73' lang='lat' dir='ltr'><strong>regia</strong></span> <span class='ocrx_word' id='word_1_365' title='bbox 327 3635 471 3685; x_wconf 80' lang='lat' dir='ltr'><strong>maiestate</strong></span> <span class='ocrx_word' id='word_1_366' title='bbox 484 3635 655 3700; x_wconf 84' lang='lat' dir='ltr'><strong>coacturum,</strong></span> <span class='ocrx_word' id='word_1_367' title='bbox 671 3647 705 3684; x_wconf 89' lang='lat' dir='ltr'><strong>ea</strong></span> <span class='ocrx_word' id='word_1_368' title='bbox 716 3635 808 3684; x_wconf 89' lang='lat' dir='ltr'><strong>tamen</strong></span> <span class='ocrx_word' id='word_1_369' title='bbox 822 3631 957 3700; x_wconf 92' lang='lat' dir='ltr'><strong>pactione,</strong></span> <span class='ocrx_word' id='word_1_370' title='bbox 970 3635 1001 3683; x_wconf 90' lang='lat' dir='ltr'><strong>ut</strong></span> <span class='ocrx_word' id='word_1_371' title='bbox 1013 3631 1133 3699; x_wconf 87' lang='lat' dir='ltr'><strong>ipsarum</strong></span> <span class='ocrx_word' id='word_1_372' title='bbox 1146 3630 1359 3684; x_wconf 87' lang='lat' dir='ltr'><strong>decimationum</strong></span> 
     </span>
     <span class='ocr_line' id='line_1_46' title="bbox 240 3701 1395 3823; baseline 0.003 -70"><span class='ocrx_word' id='word_1_373' title='bbox 240 3703 345 3823; x_wconf 86' lang='lat' dir='ltr'><strong>partem</strong></span> <span class='ocrx_word' id='word_1_374' title='bbox 365 3701 424 3769; x_wconf 89' lang='lat' dir='ltr'><strong>sibi,</strong></span> <span class='ocrx_word' id='word_1_375' title='bbox 444 3717 512 3770; x_wconf 89' lang='lat' dir='ltr'><strong>quae</strong></span> <span class='ocrx_word' id='word_1_376' title='bbox 531 3705 560 3755; x_wconf 90' lang='lat' dir='ltr'><strong>et</strong></span> <span class='ocrx_word' id='word_1_377' title='bbox 577 3701 669 3784; x_wconf 70' lang='lat' dir='ltr'><strong>regiae</strong></span> <span class='ocrx_word' id='word_1_378' title='bbox 694 3701 914 3772; x_wconf 75' lang='lat' dir='ltr'><strong>magnificentiae</strong></span> <span class='ocrx_word' id='word_1_379' title='bbox 934 3709 962 3755; x_wconf 89' lang='lat' dir='ltr'><strong>et</strong></span> <span class='ocrx_word' id='word_1_380' title='bbox 986 3706 1063 3755; x_wconf 88' lang='lat' dir='ltr'><strong>tanto</strong></span> <span class='ocrx_word' id='word_1_381' title='bbox 1089 3702 1176 3756; x_wconf 88' lang='lat' dir='ltr'><strong>labori</strong></span> <span class='ocrx_word' id='word_1_382' title='bbox 1202 3719 1251 3756; x_wconf 91' lang='lat' dir='ltr'><strong>suo</strong></span> <span class='ocrx_word' id='word_1_383' title='bbox 1276 3702 1395 3772; x_wconf 69' lang='lat' dir='ltr'><strong>dignans</strong></span> 
     </span>
     <span class='ocr_line' id='line_1_47' title="bbox 251 3771 1360 3842; baseline 0.003 -19"><span class='ocrx_word' id='word_1_384' title='bbox 251 3775 319 3833; x_wconf 78' lang='lat' dir='ltr'><strong>oret,</strong></span> <span class='ocrx_word' id='word_1_385' title='bbox 339 3771 479 3826; x_wconf 81' lang='lat' dir='ltr'><strong>tribuerat.</strong></span> <span class='ocrx_word' id='word_1_386' title='bbox 510 3771 556 3825; x_wconf 94' lang='lat' dir='ltr'><strong>Ita</strong></span> <span class='ocrx_word' id='word_1_387' title='bbox 574 3789 717 3842; x_wconf 82' lang='lat' dir='ltr'><strong>episcopus</strong></span> <span class='ocrx_word' id='word_1_388' title='bbox 735 3772 882 3826; x_wconf 79' lang='lat' dir='ltr'><strong>vanissima</strong></span> <span class='ocrx_word' id='word_1_389' title='bbox 900 3790 948 3841; x_wconf 91' lang='lat' dir='ltr'><strong>spe</strong></span> <span class='ocrx_word' id='word_1_390' title='bbox 967 3773 1102 3826; x_wconf 88' lang='lat' dir='ltr'><strong>animatus</strong></span> <span class='ocrx_word' id='word_1_391' title='bbox 1115 3773 1247 3840; x_wconf 81' lang='lat' dir='ltr'><strong>synodum</strong></span> <span class='ocrx_word' id='word_1_392' title='bbox 1261 3772 1360 3827; x_wconf 90' lang='lat' dir='ltr'><strong>indixit</strong></span> 
     </span>
     <span class='ocr_line' id='line_1_48' title="bbox 240 3841 1360 3911; baseline 0.002 -17"><span class='ocrx_word' id='word_1_393' title='bbox 240 3843 268 3894; x_wconf 90' lang='lat' dir='ltr'><strong>in</strong></span> <span class='ocrx_word' id='word_1_394' title='bbox 285 3841 450 3911; x_wconf 80' lang='lat' dir='ltr'><strong>Erphesfurt</strong></span> <span class='ocrx_word' id='word_1_395' title='bbox 467 3842 518 3897; x_wconf 84' lang='lat' dir='ltr'><strong>VI.</strong></span> <span class='ocrx_word' id='word_1_396' title='bbox 539 3842 605 3896; x_wconf 91' lang='lat' dir='ltr'><strong>Idus</strong></span> <span class='ocrx_word' id='word_1_397' title='bbox 622 3843 726 3899; x_wconf 86' lang='lat' dir='ltr'><strong>Martii.</strong></span> <span class='ocrx_word' id='word_1_398' title='bbox 765 3843 875 3898; x_wconf 88' lang='lat' dir='ltr'><strong>Statuto</strong></span> <span class='ocrx_word' id='word_1_399' title='bbox 894 3843 938 3898; x_wconf 88' lang='lat' dir='ltr'><strong>die</strong></span> <span class='ocrx_word' id='word_1_400' title='bbox 957 3843 1052 3897; x_wconf 88' lang='lat' dir='ltr'><strong>aderat</strong></span> <span class='ocrx_word' id='word_1_401' title='bbox 1070 3861 1126 3910; x_wconf 87' lang='lat' dir='ltr'><strong>rex,</strong></span> <span class='ocrx_word' id='word_1_402' title='bbox 1152 3843 1247 3896; x_wconf 89' lang='lat' dir='ltr'><strong>aderat</strong></span> <span class='ocrx_word' id='word_1_403' title='bbox 1271 3843 1360 3898; x_wconf 86' lang='lat' dir='ltr'><strong>arehi-</strong></span> 
     </span>
     <span class='ocr_line' id='line_1_49' title="bbox 239 3913 1359 3984; baseline 0.002 -18"><span class='ocrx_word' id='word_1_404' title='bbox 239 3913 391 3982; x_wconf 88' lang='lat' dir='ltr'><strong>episcopus,</strong></span> <span class='ocrx_word' id='word_1_405' title='bbox 411 3913 526 3981; x_wconf 87' lang='lat' dir='ltr'><strong>stipatus</strong></span> <span class='ocrx_word' id='word_1_406' title='bbox 545 3917 659 3982; x_wconf 87' lang='lat' dir='ltr'><strong>uterque</strong></span> <span class='ocrx_word' id='word_1_407' title='bbox 678 3932 779 3984; x_wconf 80' lang='lat' dir='ltr'><strong>magno</strong></span> <span class='ocrx_word' id='word_1_408' title='bbox 797 3931 882 3984; x_wconf 78' lang='lat' dir='ltr'><strong>grege</strong></span> <span class='ocrx_word' id='word_1_409' title='bbox 901 3914 1143 3984; x_wconf 88' lang='lat' dir='ltr'><strong>phylosophorum,</strong></span> <span class='ocrx_word' id='word_1_410' title='bbox 1165 3915 1250 3968; x_wconf 91' lang='lat' dir='ltr'><strong>immo</strong></span> <span class='ocrx_word' id='word_1_411' title='bbox 1268 3915 1359 3982; x_wconf 90' lang='lat' dir='ltr'><strong>sophi·</strong></span> 
     </span>
    </p>
   </div>
   <div class='ocr_carea' id='block_1_8' title="bbox 238 4125 1396 4444">
    <p class='ocr_par' dir='ltr' id='par_1_8' title="bbox 238 4125 1396 4444">
     <span class='ocr_line' id='line_1_50' title="bbox 238 4125 1359 4178; baseline 0.002 -14"><span class='ocrx_word' id='word_1_412' title='bbox 238 4125 261 4175; x_wconf 88' lang='lat' dir='ltr'><strong>a)</strong></span> <span class='ocrx_word' id='word_1_413' title='bbox 276 4125 366 4176; x_wconf 81' lang='lat' dir='ltr'><strong>rediret,</strong></span> <span class='ocrx_word' id='word_1_414' title='bbox 382 4131 391 4166; x_wconf 87' lang='lat' dir='ltr'><strong>t</strong></span> <span class='ocrx_word' id='word_1_415' title='bbox 405 4136 461 4168; x_wconf 75' lang='lat' dir='ltr'><strong>eras.</strong></span> <span class='ocrx_word' id='word_1_416' title='bbox 475 4136 492 4169; x_wconf 84' lang='lat' dir='ltr'><strong>c.</strong></span> <span class='ocrx_word' id='word_1_417' title='bbox 566 4125 590 4176; x_wconf 88' lang='lat' dir='ltr'><strong>b)</strong></span> <span class='ocrx_word' id='word_1_418' title='bbox 600 4131 651 4176; x_wconf 76' lang='lat' dir='ltr'><strong>post</strong></span> <span class='ocrx_word' id='word_1_419' title='bbox 665 4127 717 4166; x_wconf 81' lang='lat' dir='ltr'><strong>lssssc</strong></span> <span class='ocrx_word' id='word_1_420' title='bbox 731 4131 826 4176; x_wconf 77' lang='lat' dir='ltr'><strong>quatuos·</strong></span> <span class='ocrx_word' id='word_1_421' title='bbox 839 4128 885 4174; x_wconf 75' lang='lat' dir='ltr'><strong>rsrs</strong></span> <span class='ocrx_word' id='word_1_422' title='bbox 899 4127 964 4167; x_wconf 70' lang='lat' dir='ltr'><strong>ses-sa</strong></span> <span class='ocrx_word' id='word_1_423' title='bbox 978 4139 1052 4168; x_wconf 81' lang='lat' dir='ltr'><strong>erasa.</strong></span> <span class='ocrx_word' id='word_1_424' title='bbox 1129 4127 1151 4178; x_wconf 89' lang='lat' dir='ltr'><strong>o)</strong></span> <span class='ocrx_word' id='word_1_425' title='bbox 1164 4129 1273 4178; x_wconf 63' lang='lat' dir='ltr'><strong>osquam</strong></span> <span class='ocrx_word' id='word_1_426' title='bbox 1288 4129 1359 4167; x_wconf 77' lang='lat' dir='ltr'><strong>alteru</strong></span> 
     </span>
     <span class='ocr_line' id='line_1_51' title="bbox 238 4179 1396 4232; baseline 0.005 -15"><span class='ocrx_word' id='word_1_427' title='bbox 238 4189 305 4217; x_wconf 77' lang='lat' dir='ltr'><strong>massa</strong></span> <span class='ocrx_word' id='word_1_428' title='bbox 326 4179 348 4217; x_wconf 82' lang='lat' dir='ltr'><strong>tn</strong></span> <span class='ocrx_word' id='word_1_429' title='bbox 370 4179 476 4227; x_wconf 68' lang='lat' dir='ltr'><strong>sarsore</strong></span> <span class='ocrx_word' id='word_1_430' title='bbox 493 4183 559 4229; x_wconf 79' lang='lat' dir='ltr'><strong>parts</strong></span> <span class='ocrx_word' id='word_1_431' title='bbox 577 4179 593 4228; x_wconf 73' lang='lat' dir='ltr'><strong>f.</strong></span> <span class='ocrx_word' id='word_1_432' title='bbox 608 4181 649 4220; x_wconf 72' lang='lat'><strong><em>8⁶¹.</em></strong></span> <span class='ocrx_word' id='word_1_433' title='bbox 668 4184 687 4218; x_wconf 77' lang='lat' dir='ltr'><strong>st</strong></span> <span class='ocrx_word' id='word_1_434' title='bbox 707 4180 824 4227; x_wconf 64' lang='lat' dir='ltr'><strong>fiet-tt.</strong></span> <span class='ocrx_word' id='word_1_435' title='bbox 843 4181 925 4229; x_wconf 70' lang='lat' dir='ltr'><strong>scalpta</strong></span> <span class='ocrx_word' id='word_1_436' title='bbox 942 4185 1003 4228; x_wconf 78' lang='lat' dir='ltr'><strong>ssssst,</strong></span> <span class='ocrx_word' id='word_1_437' title='bbox 1025 4183 1062 4220; x_wconf 80' lang='lat' dir='ltr'><strong>sbs&#39;</strong></span> <span class='ocrx_word' id='word_1_438' title='bbox 1081 4181 1153 4232; x_wconf 55' lang='lat' dir='ltr'><strong>saxa&amp;</strong></span> <span class='ocrx_word' id='word_1_439' title='bbox 1172 4180 1271 4222; x_wconf 87' lang='lat' dir='ltr'><strong>seeundo</strong></span> <span class='ocrx_word' id='word_1_440' title='bbox 1292 4181 1396 4227; x_wconf 72' lang='lat' dir='ltr'><strong>minione</strong></span> 
     </span>
     <span class='ocr_line' id='line_1_52' title="bbox 238 4232 1358 4284; baseline 0.003 -15"><span class='ocrx_word' id='word_1_441' title='bbox 238 4243 345 4282; x_wconf 67' lang='lat' dir='ltr'><strong>sspwser.</strong></span> <span class='ocrx_word' id='word_1_442' title='bbox 401 4233 424 4280; x_wconf 90' lang='lat' dir='ltr'><strong>d)</strong></span> <span class='ocrx_word' id='word_1_443' title='bbox 435 4232 495 4272; x_wconf 87' lang='lat' dir='ltr'><strong>Will.</strong></span> <span class='ocrx_word' id='word_1_444' title='bbox 511 4254 536 4262; x_wconf 92' lang='lat'><em>-</em></span> <span class='ocrx_word' id='word_1_445' title='bbox 550 4234 654 4273; x_wconf 84' lang='lat' dir='ltr'><strong>dstaruns</strong></span> <span class='ocrx_word' id='word_1_446' title='bbox 668 4235 692 4272; x_wconf 86' lang='lat' dir='ltr'><strong>s&#39;n</strong></span> <span class='ocrx_word' id='word_1_447' title='bbox 705 4233 753 4271; x_wconf 84' lang='lat' dir='ltr'><strong>loro</strong></span> <span class='ocrx_word' id='word_1_448' title='bbox 766 4244 820 4272; x_wconf 85' lang='lat' dir='ltr'><strong>roso</strong></span> <span class='ocrx_word' id='word_1_449' title='bbox 833 4235 924 4283; x_wconf 62' lang='lat' dir='ltr'><strong>scripta,</strong></span> <span class='ocrx_word' id='word_1_450' title='bbox 939 4239 958 4273; x_wconf 81' lang='lat' dir='ltr'><strong>st</strong></span> <span class='ocrx_word' id='word_1_451' title='bbox 972 4235 1033 4278; x_wconf 87' lang='lat' dir='ltr'><strong>Wlll.</strong></span> <span class='ocrx_word' id='word_1_452' title='bbox 1047 4257 1073 4264; x_wconf 94' lang='lat'>—</span> <span class='ocrx_word' id='word_1_453' title='bbox 1087 4235 1143 4275; x_wconf 83' lang='lat' dir='ltr'><strong>obiit</strong></span> <span class='ocrx_word' id='word_1_454' title='bbox 1152 4239 1203 4284; x_wconf 73' lang='lat' dir='ltr'><strong>post</strong></span> <span class='ocrx_word' id='word_1_455' title='bbox 1218 4235 1287 4274; x_wconf 74' lang='lat' dir='ltr'><strong>dolata</strong></span> <span class='ocrx_word' id='word_1_456' title='bbox 1300 4240 1358 4284; x_wconf 81' lang='lat' dir='ltr'><strong>sust,</strong></span> 
     </span>
     <span class='ocr_line' id='line_1_53' title="bbox 238 4279 1358 4344; baseline 0.003 -20"><span class='ocrx_word' id='word_1_457' title='bbox 238 4297 285 4324; x_wconf 81' lang='lat' dir='ltr'><strong>essm</strong></span> <span class='ocrx_word' id='word_1_458' title='bbox 300 4285 406 4324; x_wconf 76' lang='lat' dir='ltr'><strong>libs-arista</strong></span> <span class='ocrx_word' id='word_1_459' title='bbox 420 4286 494 4325; x_wconf 66' lang='lat' dir='ltr'><strong>eodan</strong></span> <span class='ocrx_word' id='word_1_460' title='bbox 508 4287 553 4325; x_wconf 80' lang='lat' dir='ltr'><strong>iam</strong></span> <span class='ocrx_word' id='word_1_461' title='bbox 563 4287 668 4336; x_wconf 74' lang='lat' dir='ltr'><strong>pleniora</strong></span> <span class='ocrx_word' id='word_1_462' title='bbox 682 4286 706 4325; x_wconf 81' lang='lat' dir='ltr'><strong>s&#39;ss</strong></span> <span class='ocrx_word' id='word_1_463' title='bbox 719 4286 821 4324; x_wconf 62' lang='lat' dir='ltr'><strong>asmata</strong></span> <span class='ocrx_word' id='word_1_464' title='bbox 835 4287 908 4334; x_wconf 69' lang='lat' dir='ltr'><strong>affixa</strong></span> <span class='ocrx_word' id='word_1_465' title='bbox 922 4289 1049 4337; x_wconf 69' lang='lat' dir='ltr'><strong>scripsisset.</strong></span> <span class='ocrx_word' id='word_1_466' title='bbox 1109 4287 1131 4338; x_wconf 87' lang='lat' dir='ltr'><strong>s)</strong></span> <span class='ocrx_word' id='word_1_467' title='bbox 1145 4279 1192 4344; x_wconf 59' lang='lat' dir='ltr'><strong>cels</strong></span> <span class='ocrx_word' id='word_1_468' title='bbox 1207 4299 1224 4331; x_wconf 80' lang='lat' dir='ltr'><strong>s.</strong></span> <span class='ocrx_word' id='word_1_469' title='bbox 1287 4288 1306 4336; x_wconf 79' lang='lat' dir='ltr'><strong>s)</strong></span> <span class='ocrx_word' id='word_1_470' title='bbox 1320 4289 1358 4328; x_wconf 88' lang='lat' dir='ltr'><strong>sed</strong></span> 
     </span>
     <span class='ocr_line' id='line_1_54' title="bbox 238 4339 1360 4391; baseline 0.005 -13"><span class='ocrx_word' id='word_1_471' title='bbox 238 4360 264 4368; x_wconf 92' lang='lat'>-</span> <span class='ocrx_word' id='word_1_472' title='bbox 283 4345 403 4388; x_wconf 85' lang='lat' dir='ltr'><strong>pepererat</strong></span> <span class='ocrx_word' id='word_1_473' title='bbox 422 4339 445 4377; x_wconf 78' lang='lat' dir='ltr'><strong>bs</strong></span> <span class='ocrx_word' id='word_1_474' title='bbox 464 4340 506 4378; x_wconf 84' lang='lat' dir='ltr'><strong>s&#39;nso</strong></span> <span class='ocrx_word' id='word_1_475' title='bbox 526 4351 596 4389; x_wconf 71' lang='lat' dir='ltr'><strong>snurp.</strong></span> <span class='ocrx_word' id='word_1_476' title='bbox 618 4341 690 4380; x_wconf 75' lang='lat' dir='ltr'><strong>eadem</strong></span> <span class='ocrx_word' id='word_1_477' title='bbox 712 4351 779 4378; x_wconf 80' lang='lat' dir='ltr'><strong>mass</strong></span> <span class='ocrx_word' id='word_1_478' title='bbox 799 4341 872 4389; x_wconf 76' lang='lat' dir='ltr'><strong>suppl.</strong></span> <span class='ocrx_word' id='word_1_479' title='bbox 954 4343 978 4391; x_wconf 75' lang='lat' dir='ltr'><strong>g)</strong></span> <span class='ocrx_word' id='word_1_480' title='bbox 992 4340 1073 4381; x_wconf 82' lang='lat' dir='ltr'><strong>nodtea</strong></span> <span class='ocrx_word' id='word_1_481' title='bbox 1086 4351 1103 4383; x_wconf 80' lang='lat' dir='ltr'><strong>c.</strong></span> <span class='ocrx_word' id='word_1_482' title='bbox 1185 4341 1208 4388; x_wconf 84' lang='lat' dir='ltr'><strong>h)</strong></span> <span class='ocrx_word' id='word_1_483' title='bbox 1221 4348 1328 4390; x_wconf 83' lang='lat' dir='ltr'><strong>peperest</strong></span> <span class='ocrx_word' id='word_1_484' title='bbox 1342 4353 1360 4384; x_wconf 83' lang='lat' dir='ltr'><strong>r.</strong></span> 
     </span>
     <span class='ocr_line' id='line_1_55' title="bbox 239 4391 1312 4444; baseline 0.003 -13"><span class='ocrx_word' id='word_1_485' title='bbox 239 4391 255 4440; x_wconf 88' lang='lat' dir='ltr'><strong>l)</strong></span> <span class='ocrx_word' id='word_1_486' title='bbox 270 4393 362 4431; x_wconf 84' lang='lat' dir='ltr'><strong>Babenb</strong></span> <span class='ocrx_word' id='word_1_487' title='bbox 376 4403 393 4434; x_wconf 80' lang='lat' dir='ltr'><strong>e.</strong></span> <span class='ocrx_word' id='word_1_488' title='bbox 447 4391 471 4440; x_wconf 78' lang='lat' dir='ltr'><strong>lt)</strong></span> <span class='ocrx_word' id='word_1_489' title='bbox 486 4404 544 4432; x_wconf 83' lang='lat' dir='ltr'><strong>auno</strong></span> <span class='ocrx_word' id='word_1_490' title='bbox 558 4393 631 4432; x_wconf 79' lang='lat' dir='ltr'><strong>sudem</strong></span> <span class='ocrx_word' id='word_1_491' title='bbox 647 4405 713 4431; x_wconf 79' lang='lat' dir='ltr'><strong>muas</strong></span> <span class='ocrx_word' id='word_1_492' title='bbox 727 4403 834 4443; x_wconf 79' lang='lat' dir='ltr'><strong>supsrssr.</strong></span> <span class='ocrx_word' id='word_1_493' title='bbox 887 4393 903 4444; x_wconf 81' lang='lat'><strong>1&gt;</strong></span> <span class='ocrx_word' id='word_1_494' title='bbox 918 4393 995 4433; x_wconf 75' lang='lat' dir='ltr'><strong>rasura</strong></span> <span class='ocrx_word' id='word_1_495' title='bbox 1010 4396 1083 4434; x_wconf 78' lang='lat' dir='ltr'><strong>sudem</strong></span> <span class='ocrx_word' id='word_1_496' title='bbox 1098 4405 1164 4432; x_wconf 81' lang='lat' dir='ltr'><strong>manu</strong></span> <span class='ocrx_word' id='word_1_497' title='bbox 1178 4405 1234 4437; x_wconf 76' lang='grc' dir='ltr'>σοι-ν.</span> <span class='ocrx_word' id='word_1_498' title='bbox 1247 4395 1312 4438; x_wconf 71' lang='lat' dir='ltr'><strong>aaut</strong></span> 
     </span>
    </p>
   </div>
   <div class='ocr_carea' id='block_1_9' title="bbox 0 0 1572 4990">
    <p class='ocr_par' dir='ltr' id='par_1_9' title="bbox 0 0 1572 4990">
     <span class='ocr_line' id='line_1_56' title="bbox 0 0 1572 4990; baseline 0 2"><span class='ocrx_word' id='word_1_499' title='bbox 0 0 1572 4990; x_wconf 95' lang='lat' dir='ltr'><strong> </strong></span> 
     </span>
    </p>
   </div>
   <div class='ocr_carea' id='block_1_10' title="bbox 1562 4291 1564 4374">
    <p class='ocr_par' dir='ltr' id='par_1_10' title="bbox 1562 4291 1564 4374">
     <span class='ocr_line' id='line_1_57' title="bbox 1562 4291 1564 4374; baseline 0 0"><span class='ocrx_word' id='word_1_500' title='bbox 1562 4291 1564 4374; x_wconf 90' lang='lat' dir='ltr'><strong>l</strong></span> 
     </span>
    </p>
   </div>
  </div>
 </body>
</html>
