3188 4990
304 481 472 537 CRONIOA
484 481 513 538 S.
524 479 640 536 PETRI
653 478 914 536 ERFORDENSIS
926 479 1016 536 MOD.
1035 481 1071 538 L
1082 485 1158 540 1308.
1240 485 1293 538 335

178 666 333 731 cionibus
356 665 549 743 differente,
574 665 695 729 intime
719 684 821 747 super
844 664 898 728 his
921 663 1051 742 dolens,
1075 667 1214 728 tantum
1237 673 1380 730 ne-1308.

177 756 229 819 fas
260 757 314 818 est
344 774 533 839 aggressus,
557 755 670 837 ipsum
700 773 825 836 regem,
854 756 1017 836 patruum
1047 773 1156 831 suum,
1181 774 1291 837 aquo

177 865 198 907 a
224 844 405 909 iuventute
436 843 588 907 nutritus
618 842 744 920 iuerat,
768 841 877 906 nichil
907 842 989 906 mali
1017 843 1059 907 de
1088 843 1163 925 ipso
1187 844 1292 927 suspi-

178 935 322 1010 cantem,
347 932 666 996 fraudulentissime
689 930 888 995 occidendo.
935 930 964 996 O
987 951 1100 996 rerum
1125 931 1291 996 instabili-

148 1045 160 1084 s
176 1026 230 1085 tas
246 1022 490 1085 humanarum!
515 1021 575 1103 qui
596 1019 811 1104 gloriabatur
833 1021 870 1083 in
886 1020 1015 1084 virtute
1039 1021 1209 1084 exercitus
1228 1021 1290 1097 sui,

177 1109 360 1175 nobilitate
376 1110 520 1194 generis,
538 1109 721 1174 affinitatis
737 1108 975 1193 amplitudine,
989 1109 1048 1191 qui
1060 1109 1187 1173 multos
1203 1110 1292 1194 prin·

177 1200 270 1282 cipes
282 1219 344 1264 sua
360 1200 520 1284 potencia
533 1198 741 1275 devicerat⁸,
755 1197 888 1262 nobiles
901 1197 1102 1274 subiecerat,
1119 1202 1228 1262 terras
1243 1199 1291 1261 in-

176 1291 329 1353 traverat
340 1291 375 1352 et
387 1290 582 1353 vastaverat
598 1287 873 1372 perlonginquas,
888 1307 965 1351 ecce
982 1287 1019 1349 in
1031 1289 1175 1372 paterno
1188 1288 1291 1351 domi·

175 1378 244 1453 nio,
269 1378 305 1440 in
323 1377 434 1440 natali
451 1371 544 1442 solob
561 1397 582 1440 a
599 1377 717 1440 fratris
737 1375 808 1440 lilio
828 1375 945 1441 dolose
964 1375 1134 1440 occiditur
1152 1376 1291 1440 circum·

143 1489 167 1528 ιο
177 1470 310 1531 ventus.
334 1466 534 1531 Predictus⁰
551 1486 631 1530 vero
644 1465 817 1529 Iohannes
833 1485 912 1528 cum
928 1465 998 1529 suis
1015 1464 1239 1548 complicibus
1254 1467 1291 1528 iu

176 1556 340 1638 quasdam
353 1555 523 1639 proximas
535 1555 748 1618 municiones
760 1574 796 1618 se
807 1554 938 1637 recepit
950 1554 1148 1618 huiusmodi
1164 1554 1291 1620 scelere

175 1648 383 1728 perpetrato.
429 1644 563 1728 Regina
589 1663 669 1707 vero
695 1643 839 1707 relicta¹
862 1643 1026 1724 quasdam
1054 1638 1288 1708 municiones‘¹

176 1733 381 1817 complicum
399 1733 471 1798 eius
494 1734 531 1795 in
552 1732 710 1796 terminis
734 1732 874 1796 Austrie
891 1732 983 1815 cepit
1006 1736 1042 1796 et
1064 1753 1181 1797 omnes
1204 1733 1292 1797 inibi

79 1826 295 1906 'rt-⁴⁴¹·eaph08
319 1823 432 1905 capite
457 1821 577 1906 *plecti
599 1821 696 1886 iecit.
741 1820 854 1885 Morte
884 1821 1002 1903 itaque
1025 1822 1115 1906 regis
1138 1823 1291 1905 undiquc

141 1912 305 1987 uendite,
329 1912 582 1976 Yseuacenses⁶
602 1909 667 1974 tali
689 1911 833 1974 nunctio
858 1909 1000 1973 attoniti
1023 1912 1183 1994 omnique
1207 1909 1291 1974 sola·

176 2001 229 2064 cio
246 1999 415 2077 destituti,
440 1999 646 2082 quibusdam
669 1999 842 2063 nobilibus
865 2001 956 2064 terre
980 1999 1222 2075 mediantibus,
1247 2020 1290 2064 ne

176 2090 259 2172 quid
278 2089 413 2153 adversi
435 2091 647 2172 paterentur,
672 2107 707 2153 se
731 2091 767 2152 et
786 2088 961 2152 civitatem
985 2089 1176 2152 marchioni
1199 2089 1290 2152 dedi·

176 2179 303 2242 derunt
312 2179 333 2255 ²,
359 2178 432 2242 eius
451 2177 681 2242 iurisdictioni
698 2177 856 2241 ammodo
873 2176 1099 2241 subiacentes.
1135 2176 1419 2247 Marchiomausa.

175 2287 257 2350 ergo
281 2267 475 2332 Fridericus
505 2286 641 2331 omnem
664 2266 899 2350 Thuringiam,
923 2269 1050 2329 terram
1079 2264 1291 2331 Orientalem

139 2358 211 2420 acet
233 2355 442 2420 Misnensem
466 2358 502 2419 et
516 2356 681 2438 quasdam
706 2354 863 2419 civitates
886 2354 984 2438 regni
1006 2355 1043 2418 in
1067 2356 1195 2420 eisdem
1219 2375 1291 2438 par·

174 2444 269 2509 tibus
297 2445 390 2522 sitas,
420 2444 553 2509 scilicet
581 2437 818 2529 Aldenburg‘,
847 2443 1055 2521 Kemeliczss,
1082 2436 1287 2508 Zvviclrovveh

176 2536 211 2598 et
235 2527 337 2609 alia¹,
362 2533 494 2597 nullam
526 2533 656 2598 habens
685 2533 926 2609 resistentiam,
952 2553 1013 2596 suo
1041 2533 1192 2597 dominio
1216 2532 1291 2596 sub·

175 2622 346 2706 iugavit³;
370 2623 511 2706 insuper
535 2622 716 2705 plebiscito
733 2621 884 2686 *indicto
907 2640 1025 2685 omnes
1048 2621 1182 2686 nobiles
1199 2625 1291 2686 terre
1303 2643 1393 2692 uara.

174 2711 364 2795 Thuringie
388 2732 465 2776 cum
490 2711 689 2776 civitatibus
713 2711 892 2788 advocans,
918 2711 1064 2774 cumeis
1087 2731 1206 2796 pacem
1222 2732 1292 2776 ver·

139 2800 322 2865 abotenus
338 2803 391 2865 est
407 2819 596 2885 aggressus,
621 2801 702 2883 quia
724 2800 833 2884 ipsam
853 2799 1048 2864 exactiones
1071 2801 1177 2864 nimie
1199 2801 1292 2863 feda-

174 2892 308 2953 verunt.

281 2971 433 3042 Eodemk
460 2997 551 3042 anno
580 2976 786 3042 venerabilis
816 2977 975 3041 dominus
1005 2977 1129 3042 Petrus
1152 2977 1292 3061 Mogon-

174 3061 286 3130 tinus¹
310 3067 587 3150 archiepiscopus
606 3066 835 3151 Euphordiam
857 3066 954 3130 venit
976 3066 1013 3128 in
1035 3066 1156 3151 vigilia
1177 3067 1291 3130 inven-

176 3155 283 3220 cionis
307 3157 417 3220 sancti
442 3155 619 3240 Stephani,
644 3159 681 3220 et
703 3155 740 3218 in
762 3159 880 3220 monte
904 3158 1100 3220 sanctorum
1124 3155 1389 3240 apostolo-uas.

139 3265 251 3309 sorum
267 3245 363 3309 Petri
386 3248 421 3309 et
437 3244 538 3308 Pauli
561 3244 654 3308 ultra
676 3245 895 3309 nativitatem
919 3245 1019 3310 beate
1043 3244 1186 3328 virginis
1205 3265 1385 3316 com-sats.

176 3352 322 3411 morans,
345 3333 520 3416 frequenti
544 3334 736 3399 accessione
759 3336 831 3397 tam
847 3333 1014 3398 nobilium
1039 3353 1142 3417 quam
1166 3333 1292 3397 civium

175 3442 237 3506 pro
260 3421 532 3505 quibuscumque
562 3423 782 3507 expediendis
806 3423 958 3506 negociis
980 3421 1292 3505 frequentatusm·⁴.

176 3511 302 3576 Postea
330 3531 410 3576 vero
440 3511 617 3576 civitatem
648 3509 765 3575 Gotha
793 3512 934 3576 veniens
967 3533 988 3574 a
1022 3510 1177 3594 predicto
1209 3531 1293 3574 mar-

176 3601 300 3664 chione
323 3599 510 3665 honorilice
534 3600 728 3684 suscipitur,
753 3601 826 3684 ipse
856 3601 978 3683 suique
1007 3599 1126 3663 multis
1154 3598 1293 3664 dotibus

139 3689 405 3755 cahonoraturm.
442 3687 542 3767 Quod
557 3689 654 3773 vulgi
675 3709 793 3754 rumor
815 3709 893 3753 eum
917 3709 977 3773 ape
1001 3691 1037 3753 et
1060 3687 1194 3753 ambitu
1210 3688 1293 3753 elec·

176 3933 198 3978 a)
211 3931 242 3970 alc
257 3933 275 3974 1.
290 3932 316 3976 B.
332 3931 365 3978 N,·
384 3931 472 3972 vicerat
485 3932 511 3976 Ε.
571 3929 595 3984 1))
608 3943 647 3972 suo
661 3931 687 3976 Ε.
749 3932 770 3981 c)
784 3943 838 3973 varo
852 3931 953 3981 predii.
1013 3931 1160 3982 d)elc1.E',‘
1180 3931 1293 3981 comple.

176 3995 235 4027 mun.
249 3985 276 4028 B.
329 3985 351 4036 a)
365 3985 450 4029 luenac.
465 3985 491 4028 Ε.
544 3985 607 4036 oete
621 3985 648 4028 N.
662 3984 710 4028 Bi.
724 3985 746 4028 0,
760 3984 924 4036 E(aldsub²g);
939 3983 1059 4036 aldinburg
1073 3986 1124 4036 313
1138 3985 1261 4036 aldenherg
1276 3988 1294 4027 l.

176 4037 277 4087 glncl.
291 4037 319 4082 N.
333 4039 363 4088 0,·
377 4039 499 4088 Kampnicz
513 4039 539 4082 Ε.
580 4037 603 4090 h)
616 4039 647 4078 alc
660 4039 684 4082 0.
698 4039 735 4085 N‚·
748 4038 927 4088 chlckowe1;
946 4036 1071 4078 Orwlckaw
1086 4039 1111 4081 Ε.
1152 4039 1294 4088 aecum·

176 4091 242 4131 allam
256 4091 282 4133 Ε.
323 4091 347 4142 lr)
361 4092 413 4131 laec
426 4113 452 4122 ω·
466 4092 619 4133 murmurabat
628 4105 652 4142 p.
662 4092 708 4142 888,
723 4093 739 4135 l.
749 4094 768 4135 ἱ.
783 4103 825 4132 om.
835 4092 861 4134 E.
901 4092 917 4140 l)
930 4092 991 4134 arch.
1005 4092 1064 4142 Mag.
1078 4093 1104 4134 Β,
1145 4091 1175 4142 ru)
1188 4093 1220 4131 alc
1234 4095 1253 4135 1.
1266 4093 1293 4132 R.

140 4288 204 4354 sol)
232 4287 378 4343 moueat.
468 4289 496 4352 2)
520 4288 561 4355 Cf.
583 4289 688 4356 Wegcla
709 4288 859 4342 ‘Friedrich
880 4288 906 4343 d.
925 4288 1065 4355 Freidc'pa'
1087 4306 1116 4357 p.
1134 4289 1196 4356 296,
1221 4304 1249 4341 a.
1267 4291 1292 4343 2.

177 4359 205 4424 3)
225 4359 267 4422 Cf.
286 4359 321 4414 ib.
341 4375 372 4426 p.
388 4361 450 4424 297,
474 4376 502 4415 a.
520 4363 546 4416 2.
618 4361 646 4428 4)
663 4361 761 4414 Canas
779 4360 928 4426 Erfmdt'cse
945 4359 1015 4412 dedit
1034 4361 1102 4428 Sept.
1117 4363 1140 4414 1.
1155 4363 1180 4424 7,
1199 4359 1292 4424 Beyer,

177 4429 247 4485 ‘Ua
266 4431 293 4484 d.
312 4431 351 4490 Sl,
370 4431 489 4495 Ersust'
508 4432 532 4498 1,
555 4449 586 4500 p.
603 4434 732 4500 scaeua,
758 4449 803 4486 nr.
821 4433 882 4487 547.
902 4433 962 4487 548.
