3130 4990
257 487 424 545 cRomoA
442 489 470 546 S.
484 489 599 546 sarm
616 489 876 546 ERFORDENSIS
894 489 1093 547 MODERNA.
1184 495 1235 549 133

124 669 376 754 Ersardcnsinm,
401 675 485 755 quad
497 694 662 755 nunqnam
684 672 823 739 extitisse
844 680 972 754 canstat,
996 681 1136 755 sumptas
1158 694 1231 740 esse.

123 759 266 842 Denique
286 761 354 843 ipsc
377 762 520 827 astcndi¹
544 783 650 826 mnncs
672 763 760 843 locos,
785 783 861 844 quas
883 762 948 826 uiri
970 761 1021 826 itti
1044 761 1126 828 docti
1148 762 1233 828 doro

123 849 196 912 nica
218 849 337 914 Montis
368 851 401 916 S.
427 850 517 916 Petri
546 851 758 931 abuncdcrnnt,
789 850 919 915 min-ime
949 871 987 915 cn
1016 851 1080 932 noc,
1110 852 1165 917 scd
1195 872 1233 916 cn
1340 913 1348 927 ,

122 937 201 1000 atius
220 937 366 1020 fontibus,
390 946 426 1003 nt
446 960 485 1004 ecc
507 939 697 1021 Enqethnsii
719 939 871 1021 excerptis
893 959 999 1005 earum
1022 947 1233 1021 exemptarum

90 1047 103 1086 s
127 1024 277 1090 Gronicac
291 1029 468 1108 modernae,
492 1049 572 1110 quac
587 1027 624 1093 in
640 1029 703 1093 cod.
721 1027 756 1092 E
776 1035 908 1109 constant,
931 1029 979 1093 oet
1001 1049 1040 1093 ea
1061 1027 1233 1094 annatitms

121 1114 262 1179 breuibus
283 1115 463 1194 Erfardiae
485 1116 614 1198 scriptis
635 1118 682 1181 oct
704 1137 744 1182 eu
770 1116 907 1183 Granico
930 1116 1072 1196 Minore,
1096 1123 1233 1198 sumptos

120 1223 196 1281 csse,
224 1225 383 1286 nunquam
413 1205 551 1270 extitisse
581 1205 750 1270 chronicon
777 1205 902 1270 Montis
933 1206 966 1270 S.
989 1204 1080 1270 Patri
1102 1212 1233 1287 practer

125 1289 292 1357 Ormcicam
319 1295 512 1375 modernam,
544 1315 624 1375 qnae
652 1292 743 1358 nabis
771 1293 852 1359 satis
881 1296 956 1359 bane
978 1301 1104 1359 seruata
1126 1301 1178 1374 est,
1202 1293 1232 1359 si

120 1379 237 1444 codices
258 1403 372 1462 omues,
396 1403 461 1447 non
477 1377 687 1464 perantiquos
705 1381 838 1463 quidam,
863 1390 943 1448 recte
965 1391 994 1448 ct
1015 1389 1161 1448 accurata
1183 1403 1231 1448 en·

83 1468 281 1534 massono.
332 1471 399 1552 Qua
427 1471 513 1550 facto
542 1471 825 1552 nultumnsqnam
847 1471 946 1537 lacum
967 1471 1118 1553 inuenies,
1142 1492 1232 1553 quom

120 1555 191 1622 inre
225 1559 370 1624 chronico
404 1559 528 1624 Montis
563 1559 596 1624 S.
629 1559 718 1624 Petri
754 1559 873 1624 maiori
911 1559 1080 1625 attribuere
1111 1581 1229 1642 posses.

120 1644 220 1709 laima
241 1647 277 1712 iu
301 1649 365 1713 cod.
382 1648 418 1712 Ε
437 1649 545 1729 mutto,
569 1647 606 1713 in
629 1649 693 1713 cad.
713 1655 729 1712 1
754 1648 849 1713 etiam
872 1654 901 1713 ct
918 1648 956 1713 in
971 1647 1064 1713 tibris
1079 1648 1108 1713 ci
1120 1649 1230 1730 proni·

118 1733 181 1798 mis
203 1756 365 1817 perpauca
385 1743 495 1818 postea
518 1735 631 1802 addita
653 1739 756 1817 sunt⁸,
787 1758 867 1818 qnae
889 1739 945 1802 sub
969 1741 1228 1802 α.1230.1287.

121 1827 212 1888 1294.
240 1830 335 1888 1302.
362 1831 455 1890 1313.
484 1831 578 1889 1323.
603 1826 756 1890 adnotata
778 1824 950 1890 invenies⁴.

83 1932 108 1971 ιε
227 1913 304 1978 &cm
327 1935 433 1979 munes
455 1913 575 1979 codices
597 1935 635 1979 cu
658 1914 760 1980 codice
781 1913 951 1980 Granicum
965 1914 1148 1978 modernam
1161 1913 1230 1978 iam

118 2020 211 2082 usque
233 2003 278 2066 ad
299 2025 329 2066 a.
350 2008 443 2067 1335.
468 2003 683 2068 continuatam
698 2002 873 2068 continente
889 2002 1048 2084 profectos
1068 2023 1134 2067 csse
1148 2001 1229 2066 oide-

117 2088 224 2170 rimns,
256 2090 375 2172 aliquis
403 2091 543 2156 conicere
566 2098 671 2173 posset
699 2091 735 2155 in
764 2090 820 2155 noc
843 2090 945 2156 cadica
967 2089 1095 2172 priores
1117 2097 1229 2171 partes

121 2176 274 2244 Cronicac
295 2179 364 2244 iam
385 2186 575 2245 retractatas
597 2186 793 2261 mutatosque
808 2179 919 2259 fuisse,
943 2179 1072 2260 ideoque
1095 2199 1159 2244 non
1182 2179 1228 2243 in-

116 2271 218 2347 teqras
233 2267 325 2332 nobis
339 2275 481 2334 seruatas
499 2289 572 2350 csse,
593 2275 628 2335 ut
644 2268 702 2333 trac
719 2267 840 2333 collatis
855 2267 947 2333 tibris
963 2289 998 2349 p.
1014 2274 1088 2331 121.
1106 2273 1168 2331 124
1181 2288 1227 2351 sq.

84 2353 213 2436 ndictis,
232 2357 425 2438 pracsertim
447 2357 630 2423 Annatibns
652 2355 984 2438 Erphesfnrdcnsibus
1006 2355 1226 2438 Lattarianis,

115 2463 176 2508 non
188 2465 296 2510 cerum
308 2466 373 2510 csse
384 2445 588 2527 connascitur.
611 2445 706 2510 Nihit
717 2445 874 2526 habemus,
887 2466 944 2510 cnr
955 2447 1120 2510 credamus
1128 2451 1227 2527 paste-

116 2531 227 2597 riarem
251 2533 435 2614 scriptoram
457 2533 494 2599 in
517 2533 680 2616 priorious
704 2533 854 2615 partibus
876 2533 1048 2616 quidquam
1070 2534 1227 2599 uoluntate

114 2625 143 2682 st
155 2619 274 2686 iudicio
287 2621 477 2702 immutasse,
501 2622 595 2688 immo
610 2621 745 2689 codicem
761 2622 852 2686 ittam
875 2645 904 2687 a.
921 2627 1014 2687 1335.
1039 2622 1227 2704 scriptorum

113 2707 311 2775 diversarum
327 2710 473 2792 portium
487 2712 688 2795 archetypum
703 2709 804 2790 fnisse
822 2732 938 2791 censeo,
961 2711 1127 2794 archetypo
1145 2711 1225 2776 oide-

82 2795 182 2862 ssticet
195 2798 336 2864 auctoris
345 2799 472 2880 prinmo
489 2800 605 2882 'partis
623 2824 652 2867 a.
671 2795 800 2884 lnosts.
819 2799 933 2864 iterum
947 2799 1119 2881 iterumque
1137 2799 1226 2866 nocis

30 2865 248 2969 ¹''⁸¹⁶plaqutis
269 2889 517 2954 membranaceis
543 2889 663 2954 additis
684 2889 732 2954 oet
753 2887 845 2969 sotiis
866 2888 934 2953 cius
956 2888 1065 2953 caucis
1087 2887 1226 2953 retictis⁵

114 2975 305 3056 sequentinm
327 2977 473 3058 partium
501 2985 642 3043 auctores
671 2999 731 3043 sua
756 2976 965 3058 inscripsisse,
990 2998 1059 3042 cum
1082 2976 1225 3042 animad-

113 3065 257 3128 rcrtcrim
279 3071 310 3129 ct
327 3065 363 3129 in
379 3067 443 3130 cad.
460 3073 475 3130 1
501 3073 530 3131 ct
551 3065 588 3131 in
603 3067 667 3131 cod.
683 3066 719 3130 E
739 3067 893 3147 quaedam
909 3072 1034 3131 seruata
1049 3086 1122 3147 esse,
1146 3087 1226 3147 qnae

114 3153 156 3216 ad
174 3153 345 3218 Granicum
368 3174 432 3218 non
449 3153 644 3235 pertinentia
661 3161 735 3236 past
750 3154 893 3236 prirmm
916 3161 945 3219 et
966 3155 1136 3220 secundam
1148 3175 1225 3236 par-

82 3245 169 3306 ntem
191 3241 285 3321 sotiis
313 3241 423 3307 uacuis
452 3243 613 3327 archetypi
635 3243 793 3325 inscripta
815 3243 916 3322 fuisse
943 3244 1098 3325 apparet⁶.
1147 3240 1225 3307 Nisi

114 3330 251 3396 cercida
267 3330 441 3409 cadaafuit
458 3332 644 3415 archetypus
660 3331 764 3414 primi
787 3338 815 3396 ct
837 3331 1030 3413 sequentium
1052 3337 1223 3410 auctormn,

114 3539 138 3602 1)
158 3539 203 3596 ‘N.
215 3539 334 3592 Archto⁷
346 3539 428 3604 XXI,
444 3557 473 3607 p.
487 3543 650 3597 479-534.
722 3543 750 3606 2)
776 3541 809 3594 Ut
827 3556 914 3594 munes
932 3541 1052 3605 librar-ti,
1070 3541 1225 3593 recentiores

109 3613 276 3676 praecorum,
295 3612 383 3664 scriba
407 3612 486 3664 etiam
511 3613 615 3679 codicis,
640 3613 689 3680 qut
705 3613 776 3664 sotus
794 3613 935 3665 Granicum
952 3614 1086 3678 tnthram
1103 3613 1223 3679 minna,

111 3697 309 3750 nonunquam,
336 3682 393 3734 ltcd
417 3698 469 3735 nan
493 3683 655 3750 ncqlcqcntcr
680 3684 796 3736 taboram
821 3699 899 3736 suum
920 3683 1073 3749 perfecerit,
1094 3683 1224 3749 quaedum

82 3753 185 3804 umba
213 3755 311 3819 annu,
340 3769 407 3820 quas
433 3755 464 3804 in
490 3754 554 3807 altis
577 3754 655 3806 libris
682 3755 820 3808 minuar.
857 3753 1005 3818 Nonnulla,
1032 3768 1099 3820 quac
1123 3754 1152 3804 in
1178 3752 1225 3806 hoo

110 3825 191 3876 oodc'cc
209 3825 344 3890 loquutur,
362 3825 466 3877 mnium
484 3825 533 3879 Br.
552 3825 644 3878 scum
665 3828 695 3876 tn
715 3825 826 3877 editione
843 3840 893 3876 mea
912 3826 1007 3878 mntsit.
1079 3823 1107 3892 3)
1127 3824 1188 3876 Non
1207 3841 1224 3874 a

110 3895 195 3946 scriba
213 3895 270 3948 cod.
285 3897 309 3960 1,
327 3895 373 3946 scd
390 3901 439 3945 ant
456 3891 530 3948 abac
547 3899 595 3964 qut
607 3897 680 3951 Cart.
693 3896 747 3951 ΙΙΙ,
766 3897 911 3963 composuit
928 3900 976 3946 aut
994 3895 1068 3948 adm
1083 3896 1225 3963 quitoucm

111 3969 226 4021 a.1344.
245 3981 333 4034 aspra
351 3969 391 4033 (p.
404 3969 469 4027 131)
487 3967 586 4018 dc'ctnm
603 3967 738 4020 addidisse
756 3968 867 4020 arctatur.
933 3967 962 4034 4)
981 3967 1073 4018 Etiam
1091 3983 1158 4050 quac
1175 3966 1224 4018 sub

110 4051 134 4093 c.
147 4039 226 4093 1187.
246 4038 389 4103 loquutur:
407 4035 497 4090 Huius
515 4037 579 4090 anni
596 4036 713 4090 infausta
733 4068 765 4076 -
784 4041 847 4106 post
864 4034 1025 4093 Mccvffl.
1045 4053 1109 4090 snm
1125 4037 1225 4106 compta

82 4108 284 4176 areperiuntur
308 4109 353 4172 (dc
377 4109 471 4175 quibus
495 4110 530 4173 cf.
550 4109 593 4164 (Ν.
613 4109 727 4161 Arahta'
746 4109 831 4173 XXI,
852 4125 882 4175 p.
897 4111 948 4164 537
961 4111 1014 4176 sq.)
1038 4126 1056 4160 a
1077 4111 1225 4176 postm'om

110 4183 236 4246 m'ptare
260 4183 363 4231 inserta
387 4180 511 4232 or'ctnitur
534 4196 594 4235 csso.
678 4183 705 4248 5)
730 4181 805 4234 Patet
829 4183 859 4232 tn
885 4181 1026 4248 archetypa
1048 4187 1107 4248 post
1128 4183 1224 4232 incom-

110 4251 186 4302 moda
204 4267 230 4304 a.
246 4253 324 4313 1187,
340 4256 401 4317 post
421 4253 542 4318 primam
563 4256 669 4318 partem
687 4268 712 4305 a.
727 4253 804 4307 1208.
822 4252 979 4305 desinentem
996 4253 1106 4318 sumpta,
1126 4252 1224 4315 fotium

110 4322 147 4373 oct
162 4327 270 4390 partem
287 4321 352 4386 falti
367 4337 478 4374 vacnum
496 4323 614 4374 retiatum
632 4323 724 4389 fuisse,
748 4325 778 4375 in
802 4339 853 4390 qno
878 4325 1011 4390 inscripta
1029 4323 1114 4386 fucrit
1131 4323 1225 4373 ralatio

110 4399 196 4444 ter-rac
214 4398 300 4444 matus
317 4395 568 4462 a.1279‚qna0m
585 4395 639 4448 cad.
652 4393 680 4446 E
696 4393 736 4446 in·
751 4401 845 4448 macc.
919 4397 946 4464 6)
961 4395 1005 4448 ‘N.
1018 4391 1130 4446 Archio'
1143 4391 1222 4457 XXI,

81 4469 133 4530 “a
152 4465 206 4520 535
223 4479 280 4530 nc·
