3130 4990
206 423 380 480 ANNALES
398 422 587 480 ERPHORD.
608 423 798 478 FRATRUM
815 423 1155 480 PRAEDIGATORUM.
1194 429 1243 483 107

244 607 316 672 Hoc
339 629 431 672 anuo
454 607 635 673 cenobium
658 605 972 673 sanctimonialium
994 608 1030 672 in
1052 609 1148 692 regia
1162 609 1246 673 villa
1256 619 1333 675 1249.

152 689 416 782 [lischeueuegea
442 697 536 761 dicta
566 696 822 762 incastellatum
853 691 913 778 est]
946 717 967 760 a
990 696 1171 762 Gunthero
1202 699 1245 764 de

148 785 317 869 Arnsperg,
341 787 424 869 quia
447 786 537 851 cives
560 786 663 850 huius
686 787 768 851 ville
791 786 973 850 voluerant
996 807 1031 850 se
1055 788 1245 851 marchioni

147 875 324 952 tradidisse,
348 875 465 957 sicque
487 875 550 938 illa
571 874 698 939 nobilis
722 874 866 940 ecclesia
889 868 1059 958 peccatisb
1083 876 1245 959 exigenti-

130 961 204 1026 sbus
226 967 274 1027 est
295 964 488 1027 humiliata.

242 1053 363 1116 Αιιιιοθ
399 1053 541 1116 Domini
578 1050 714 1117 MOOL.
768 1052 946 1118 Cristanus
990 1049 1241 1137 Mogruntinus‘l

147 1140 410 1225 archiepiscopus
443 1142 480 1205 in
514 1141 634 1226 vigilia
667 1141 813 1205 natalis⁶
842 1140 981 1206 Domini
1016 1141 1344 1226 Euphordiamnaa.

146 1229 274 1293 veniens
300 1231 487 1295 honorifice
511 1251 533 1294 a
555 1230 646 1295 clero
669 1235 848 1314 susceptus
871 1235 923 1295 est
948 1234 983 1295 et
1006 1252 1027 1295 a
1050 1231 1181 1295 civibus
1208 1233 1246 1294 in

147 1318 286 1382 ecclesiis
304 1319 416 1384 sancti
431 1319 527 1383 Petri
549 1323 585 1383 et
607 1320 718 1383 sancti
734 1319 850 1383 Severi
873 1324 908 1383 et
930 1321 967 1382 in
984 1320 1129 1384 ecclesia
1144 1320 1244 1385 beate

119 1406 275 1490 urirgmis
297 1401 433 1492 preters
449 1407 672 1472 Lambertum
687 1409 840 1472 eiusdem
856 1408 998 1473 ecclesie
1022 1410 1244 1492 prepositum,

147 1495 218 1558 cuil
238 1496 343 1561 clerus
367 1496 640 1581 Elrphordensisg
666 1517 706 1560 ao
727 1497 840 1561 tocius
869 1499 1083 1581 prepositure
1113 1497 1245 1563 fecerat

146 1583 381 1664 obedientiam
406 1587 530 1668 quem²
552 1586 718 1670 preterito
742 1607 832 1649 anno
848 1587 1013 1651 defuncto
1030 1586 1160 1651 Sifrido
1175 1588 1245 1650 Ma·

146 1675 279 1755 guntino
313 1675 472 1738 domiuus
507 1696 598 1759 papa
629 1667 769 1739 eodemh
806 1675 1030 1739 investiverat
1067 1675 1243 1741 beneficio.

146 1760 284 1827 Tandem
322 1764 522 1828 huiusmo‘di
556 1765 787 1828 controversia
820 1765 945 1848 sopita,
982 1765 1095 1829 dictus
1129 1765 1245 1849 presul

119 1848 332 1916 uHeinricum
354 1852 473 1916 Sancti
489 1853 584 1917 Petri
608 1853 768 1916 abbatem
792 1853 861 1916 iam
876 1852 1167 1917 valetudinarium
1191 1854 1244 1918 ab·

146 1938 245 2018 solvit,
265 1940 466 2006 Volmarum
490 1942 642 2006 eiusdem
666 1941 808 2006 ecclesie
831 1943 1004 2024 quondam
1027 1942 1243 2018 monachum,

146 2029 198 2092 sed
220 2024 325 2094 nunci
356 2029 643 2095 Bursveldensem
666 2023 862 2107 abbatemh,
887 2031 1077 2113 subrogans
1100 2031 1211 2095 eidem
1222 2032 1244 2092 ³.

146 2115 218 2181 Post
239 2119 300 2184 hec
324 2119 442 2182 divina
463 2119 604 2184 favente
628 2118 812 2184 clementia
835 2120 999 2183 dominici
1022 2120 1173 2203 eorporis
1196 2139 1244 2183 sa·
1272 2193 1278 2211 Β

146 2211 355 2285 crumentum,
380 2208 471 2291 quod
499 2209 535 2271 in
559 2208 641 2271 anui
664 2208 822 2292 preteriti
844 2213 1011 2272 autumno
1040 2209 1078 2271 in
1101 2184 1333 2303 6001θείηὲξῶ

118 2292 228 2359 abacti
249 2296 393 2361 Martini
416 2296 597 2381 hospitalis
620 2319 641 2360 a
664 2297 812 2380 quodam
835 2296 991 2361 malefico
1014 2297 1110 2360 furto
1134 2296 1244 2361 subla-

145 2385 210 2447 tum
230 2385 345 2451 fuerat
369 2407 408 2450 ac
431 2386 468 2449 in
483 2386 614 2470 piscina
630 2387 777 2469 quadam
794 2385 964 2450 diabolico
979 2385 1149 2450 instinctu
1169 2386 1243 2450 sub·

146 2493 289 2551 mersum,
313 2475 435 2539 eodem
457 2474 613 2540 malefico
643 2496 704 2559 per
728 2475 976 2539 confessionem
1005 2476 1173 2559 prodente
1196 2496 1243 2540 re·

146 2565 267 2644 pertum
291 2567 360 2641 est;
392 2567 601 2648 quapropter
624 2565 737 2628 dictus
761 2564 918 2648 pontifex
942 2557 1142 2628 Cristanusl
1168 2585 1243 2628 con-

148 2655 253 2716 vocato
275 2655 352 2716 toto
376 2653 527 2716 civitatis
551 2651 643 2716 clero
666 2653 710 2717 ad
734 2652 858 2730 locum,
883 2653 943 2717 ubi
967 2653 1032 2717 hoc
1055 2653 1242 2717 terrificum
1252 2630 1348 2746 {2⁰14
1347 2703 1369 2747 l,

118 2745 384 2806 sacramentum
412 2741 629 2805 reconditum
659 2742 784 2818 fuerat,
816 2742 966 2824 perrexit
989 2763 1028 2805 ac
1051 2742 1132 2806 inde
1156 2761 1243 2804 sum-

146 2831 230 2910 ptum
256 2830 416 2895 sollemni
440 2851 517 2894 cum
540 2831 756 2914 processione
783 2831 820 2892 in
844 2830 988 2895 ecclesia
1011 2830 1111 2895 beate
1133 2831 1242 2895 Mario

145 2915 253 2983 devote
277 2919 491 2983 collocavit4.

236 3007 311 3072 Hoc
335 3009 441 3072 etiam
464 3029 554 3072 anno
577 3008 627 3071 ΙΙ.
644 3007 723 3071 Kal.
740 3007 862 3072 Marcii
884 3008 1038 3072 marchio
1060 3008 1355 3072 Misnensisrarns.

143 3091 410 3161 inllitelhusen¹
433 3097 635 3181 provinciali
654 3097 806 3180 presedit
827 3097 973 3173 iudicio;
998 3097 1058 3161 ubi
1081 3097 1242 3180 presenti-

116 3179 197 3247 abus
218 3186 335 3249 multis
359 3189 450 3251 terre
469 3185 654 3250 baronibus
678 3205 798 3269 pacem
821 3185 965 3250 firmiter
988 3189 1091 3268 atque
1115 3184 1243 3249 stabili·

143 3271 188 3334 ter
207 3272 398 3339 iuramento
422 3275 646 3352 confirmavit,
678 3275 794 3357 sicque
823 3277 914 3340 terre
945 3275 1098 3339 eiusdem
1121 3273 1242 3357 prinoi-

144 3364 261 3441 patum,
302 3364 386 3428 licet
420 3384 441 3426 a
474 3363 648 3428 Friderioo
683 3363 856 3446 quondam
890 3365 1111 3447 imperatore,
1150 3383 1242 3425 nunc

40 3554 41 3572 ¹
141 3547 160 3597 Ι)
171 3553 224 3592 “nde
237 3553 284 3597 laer.
297 3555 396 3604 suppleo(
408 3563 436 3594 cz
448 3555 477 3593 lie
490 3565 545 3604 quae
559 3555 621 3602 infra
634 3565 655 3597 α,
665 3554 724 3596 1851.
738 3557 833 3592 narrata
842 3558 898 3604 sum,
913 3555 984 3603 sparso
995 3563 1061 3593 vacuo
1074 3554 1112 3595 rel.
1123 3555 1146 3600 1:
1160 3553 1244 3592 Euche-

40 3623 41 3658 3
142 3611 221 3655 megs
233 3608 334 3648 invasum
348 3615 382 3647 est
401 3608 472 3658 suppl.
486 3608 554 3650 Pons.
623 3609 645 3656 b)
665 3608 735 3657 suppl.
749 3607 819 3656 Perta,
842 3608 879 3657 put
897 3608 959 3646 addit
979 3607 1068 3658 civium,
1089 3608 1161 3656 spatio
1176 3618 1229 3646 caru

40 3659 41 3664 ¹
114 3651 173 3698 ura,
185 3660 201 3700 1.
225 3661 245 3707 e)
258 3661 310 3700 hacc
324 3682 350 3690 -
364 3661 436 3701 erdem
450 3662 475 3707 (1.
490 3661 603 3713 roraret
617 3661 629 3698 2
639 3661 720 3710 2⁶11,
735 3661 771 3699 uos
784 3661 850 3700 Anno
864 3661 933 3708 (1249)
948 3660 1015 3702 erut.
1059 3658 1082 3709 d)
1096 3661 1127 3699 010
1141 3661 1161 3703 s.
1171 3661 1186 3703 ι,
1196 3664 1214 3703 1.
1223 3663 1242 3701 2.

141 3709 159 3758 ‘l
170 3712 285 3754 nativitatis
300 3715 319 3757 2.
332 3715 385 3764 (P),·
403 3715 427 3752 in
440 3715 486 3756 cod.
501 3719 541 3754 nat
553 3715 622 3761 ssim
636 3715 725 3758 uidetur.
793 3715 923 3762 ostenae
937 3716 961 3764 13
979 3714 1077 3762 perid
1092 3715 1243 3761 Pcrnsalcis-

140 3763 189 3806 ἢν.
244 3770 265 3816 g)
279 3765 453 3817 Erpbordiensis
469 3768 487 3808 1.
552 3769 575 3814 lr)
589 3778 629 3808 om.
644 3769 663 3808 2.
730 3767 746 3814 i)
760 3779 818 3810 mon.
833 3773 856 3806 et
871 3767 1032 3806 Bursfeldensls
1047 3769 1066 3811 1.
1126 3767 1149 3815 li)
1163 3769 1242 3808 emend.

40 3835 41 3852 r
140 3813 204 3866 Patr,-
215 3820 263 3860 nx
277 3821 331 3872 (pro
345 3823 424 3870 xpau‘r)
439 3823 458 3864 1.
529 3821 546 3868 1)
561 3821 677 3860 Mulhusen
692 3822 714 3870 15
730 3821 757 3867 cs.
771 3831 840 3871 supro
849 3833 874 3870 p.
885 3821 930 3868 106,
946 3821 960 3864 l.
974 3822 994 3870 b,
1012 3818 1077 3868 infru
1086 3823 1166 3871 2113,
1182 3822 1196 3863 l.
1211 3825 1242 3860 11.

141 3975 162 4040 1)
177 3979 232 4032 Seii.
251 3979 398 4035 Imnhmo.
430 3981 504 4045 eave,
523 3997 555 4032 m
573 3981 605 4031 dc
623 3980 777 4032 Christiano
795 3981 991 4048 arcln'epiecopo
1009 3981 1057 4033 hoc
1074 3983 1173 4033 dmum
1191 3997 1244 4033 esce

40 4075 41 4086 ³
113 4049 250 4112 monime.
322 4053 350 4122 2)
368 4051 429 4106 Scit.
449 4051 630 4106 Lambertum.
665 4051 706 4115 of.
726 4051 805 4105 Oron.
823 4053 851 4106 S.
865 4053 942 4104 Petri
959 4070 984 4107 a.
1000 4055 1076 4117 1249.
1150 4051 1178 4120 3)
1199 4052 1242 4116 Cf.

40 4187 41 4190 Ἴ
139 4117 167 4171 ib.
183 4136 205 4175 c.
221 4124 295 4178 1250,
385 4126 413 4189 4)
433 4123 475 4188 Cf.
493 4123 571 4176 Neer.
591 4121 619 4173 S.
637 4123 822 4178 Mariae-Ian.
843 4126 884 4188 14,
910 4123 1045 4179 ‘Zeitoobn
1065 4125 1086 4189 f.
1107 4125 1197 4178 each.
1216 4125 1241 4176 d.

40 4245 42 4256 ‚
139 4185 289 4264 emaum*
302 4195 321 4246 I
324 4193 355 4259 V,
373 4210 402 4261 p.
415 4196 467 4249 253
479 4211 535 4261 aa:
555 4193 727 4248 Ann01250.
747 4193 888 4248 inventum
902 4199 942 4247 est
960 4211 1058 4262 corpus
1076 4194 1242 4248 dominicum

40 4271 41 4274 ’
140 4271 162 4309 111
176 4261 272 4329 piscina
297 4265 325 4317 in
348 4265 445 4318 salicto
472 4271 499 4318 et
523 4281 586 4318 cum
612 4280 711 4334 magns
736 4265 935 4334 sollempnitate
961 4265 1136 4335 deportatum
1161 4269 1203 4318 est
1228 4281 1242 4315 s

113 4325 521 4463 sdbfflfflffiffiffiepfflw
540 4333 665 4388 briciano
689 4335 717 4390 iu
743 4336 885 4390 ecclesiam
907 4338 987 4390 beate
1005 4336 1125 4406 virginis.
1164 4337 1242 4389 Cron.
