3206 4996
327 502 494 561 ORONIOA
513 503 673 560 ERDORD.
693 503 807 560 CIVIT.
827 501 1133 559 DNGELHUSIANA
1151 502 1191 560 11.
1270 506 1322 561 799

202 681 318 738 ecclesis
341 681 429 736 suncti
447 681 597 752 Augustini
620 680 789 752 regularium
814 680 1008 734 canonicorum
1033 680 1143 735 ordines
1168 679 1492 734 celebrem-osseus.

202 757 268 808 snut
285 755 409 808 διὀὼπίιε
427 769 462 806 ex
480 752 610 806 mendsto
629 751 768 806 domini
786 750 1064 820 archiepiscopi
1081 749 1278 822 Msguntinist.

308 823 392 877 Anno
410 823 523 877 Domini
542 826 620 880 1240.
657 821 971 893 Archiepiscopus
989 821 1190 893 Mogontinusb
1216 839 1232 876 u
1257 840 1322 891 que·

204 894 273 949 libet
285 893 400 949 ecclesis
412 893 573 948 Dricrdensi
591 893 710 964 recepit
727 910 811 947 unam
823 909 984 962 campanam
1001 894 1046 947 vel
1057 893 1218 947 valorem
1237 895 1321 950 eius.

179 965 301 1021 oIdem
319 965 445 1034 posuit
461 964 599 1019 ibidem
616 964 859 1019 interdictum
878 963 1017 1033 usquein
1036 969 1084 1020 3¹1¹
1103 980 1226 1020 sunum.

309 1037 393 1090 Anno
417 1035 528 1089 Domini
554 1039 632 1093 1245.
668 1034 831 1090 Incendium
858 1036 932 1089 circs
956 1039 1070 1104 pontem
1098 1039 1282 1091 mercatorum
1307 1051 1322 1088 e

203 1107 294 1162 medie
319 1111 401 1162 nocte
427 1124 539 1175 usqne
564 1106 599 1160 ed
616 1105 751 1160 medium
770 1105 852 1162 diem.
888 1106 930 1160 De
956 1110 1012 1175 quo
1040 1105 1166 1160 incendio
1193 1105 1322 1160 dixerunt

203 1178 322 1232 seniores
339 1183 398 1232 tem
416 1195 510 1232 sevum
528 1195 557 1232 se
574 1195 641 1231 num
661 1194 724 1231 uum
741 1177 849 1233 vidisse.

309 1248 393 1302 Anno
411 1248 522 1302 Domini
542 1251 620 1305 1248.
689 1247 780 1302 erchio
806 1246 998 1302 Missenensisss
1022 1247 1129 1302 obsedit
1146 1246 1322 1304 Drdordism.

167 1334 193 1372 so
309 1319 393 1373 Anno
414 1322 491 1376 1255.
518 1319 682 1374 Incendium
700 1319 789 1373 simile
807 1319 851 1373 vel
870 1319 958 1373 rusius
975 1317 1188 1387 precedenti.
1225 1317 1323 1373 Tunc

203 1389 255 1445 ibi
279 1390 378 1444 summi
405 1391 554 1462 burgenses
579 1394 742 1459 statuerunt,
760 1393 792 1443 nt
809 1389 921 1461 singulis
945 1389 1023 1443 annis
1041 1387 1101 1443 XII
1120 1389 1271 1459 eligentur
1288 1407 1323 1444 ex

202 1461 277 1544 omni
301 1462 467 1531 societate,
486 1461 534 1531 qui
560 1461 684 1516 consules
708 1462 913 1528 nominentur,
939 1465 967 1515 et
989 1477 1073 1530 snper
1096 1461 1157 1514 illos
1174 1459 1230 1514 duo
1249 1460 1323 1514 sint

202 1548 330 1586 seniores.

310 1602 394 1656 Anno
414 1605 491 1660 1257.
527 1603 664 1657 Abbutes
683 1602 786 1656 ordinis
804 1602 892 1656 suncti
910 1600 1056 1656 Benedicti
1076 1602 1323 1656 celebraverunt

167 1688 193 1727 ss
203 1674 354 1743 capitulum
374 1690 494 1728 eorum
513 1673 606 1743 spud
624 1673 770 1729 Sanctum
788 1673 916 1727 Petrum
934 1671 1095 1728 Erfurdied.

308 1745 392 1798 Anno
410 1744 522 1799 Domini
541 1749 618 1802 1258.
656 1743 814 1798 Gerhsrdus
840 1743 1092 1812 archiepiscopus
1117 1742 1318 1813 Mogontinusb

202 1815 481 1939 2bi,st.Eff⁰f‘³i⁶›
509 1815 583 1886 epud
611 1815 734 1869 Minores
762 1815 944 1884 sepultus,
975 1831 1125 1883 quorum
1152 1819 1233 1868 eret
1259 1831 1323 1884 pro-

214 1903 345 1942 essionis.

308 1957 392 2010 Anno
411 1961 489 2014 1268.
514 1955 699 2010 firmissimum
718 1960 837 2012 cestrum
856 1955 1043 2010 Stuternbeim
1061 1971 1148 2025 prope
1166 1954 1322 2010 Erfosdism

167 2028 238 2083 scsb
257 2027 348 2096 ipsis
366 2026 659 2082 Erfurdensibus
676 2027 846 2082 destructum
865 2029 914 2083 est.

309 2100 392 2152 Anno
412 2102 490 2156 1278.
508 2098 640 2152 Consules
651 2097 780 2152 Driordie
798 2097 940 2168 fregerunt
958 2096 1070 2150 domum
1090 2097 1206 2150 fratrum
1225 2096 1473 2166 Augu-cremari.

202 2169 371 2237 uticensium,
389 2187 446 2224 non
463 2169 653 2238 permittentes
671 2169 744 2238 ipsos
761 2167 903 2223 Driordie
921 2167 1054 2224 habitare.

308 2240 392 2294 Anno
412 2243 490 2297 1275.
508 2240 588 2294 Cives
604 2238 784 2294 Dricrdenses
801 2239 943 2308 provocati
961 2256 978 2292 s
995 2237 1204 2294 nobilibus0
1226 2237 1493 2293 vieinsosffls.

202 2310 405 2366 tribulaverunt
429 2311 543 2366 comites
568 2315 596 2365 et
619 2311 687 2366 ulios
706 2310 830 2364 umetis
848 2309 959 2364 aliunde
976 2309 1131 2365 conductis
1150 2327 1188 2364 us
1220 2309 1322 2364 need

167 2380 280 2442 ssGOO,
317 2382 594 2452 Archiepiscopus
620 2382 733 2436 eciem
758 2379 973 2450 Mognmtinnss
1000 2379 1096 2435 invit
1114 2381 1185 2434 cives
1234 2379 1323 2434 rior·

204 2451 331 2508 denses
356 2469 406 2522 per
430 2457 449 2510 4
473 2453 640 2508 ebdomades
665 2452 759 2521 epnd
780 2452 926 2507 Sanctum
948 2451 1076 2507 Petrum
1101 2451 1322 2522 hospitatus.

205 2521 274 2592 Qui
293 2528 321 2578 et
339 2524 442 2578 ibidem
460 2523 570 2579 ordines
589 2524 739 2579 celebravit
756 2524 889 2579 Ss‘cs'entss.

311 2595 395 2648 Anno
407 2594 519 2650 Domini
531 2598 608 2652 1279.
622 2594 804 2650 wernherus
821 2593 1053 2664 archiepiscopus
1071 2593 1197 2663 posuit
1214 2593 1323 2648 inter·

205 2664 343 2720 dictum
361 2666 396 2719 in
413 2665 570 2720 tercium
589 2683 711 2722 meum.

170 2751 197 2793 so
312 2737 396 2792 Anno
420 2735 532 2790 Domini
558 2740 635 2793 1282.
672 2735 879 2806 Oomposicione
904 2735 978 2791 fectu
998 2736 1071 2791 inter
1088 2735 1323 2805 archiepiscopum

206 2809 234 2860 et
259 2806 332 2861 cives
358 2805 562 2862 Eri'crdeuses(l
584 2809 788 2862 relsxstum
819 2811 876 2862 est
902 2806 1161 2873 interdictum,
1190 2806 1324 2859 solutis

205 2894 256 2945 pro
275 2877 391 2932 emenda
409 2878 485 2932 mille
503 2879 614 2933 muscis
633 2896 649 2932 e
668 2878 811 2933 civibus
836 2878 965 2948 episcopo
987 2881 1016 2932 et
1033 2875 1100 2932 000
1119 2877 1232 2931 mercis
1250 2877 1324 2930 clero

205 2965 257 3017 pro
274 2965 369 3003 eorum
387 2947 516 3018 dampno.
578 2995 584 3002 .

312 3020 396 3074 Anno
423 3022 501 3076 1283.
532 3018 667 3075 Bulrsdus
692 3019 727 3074 de
749 3018 823 3074 (totu
848 3019 914 3074 ciris
941 3016 1135 3073 Erfurdensisd
1157 3017 1324 3072 sedicionem

171 3106 197 3147 sc
206 3090 365 3145 suscitavit
384 3091 456 3145 inter
467 3092 540 3145 cives
552 3107 615 3145 oum
627 3089 735 3144 infinite
745 3090 842 3160 populi
853 3089 1038 3158 multitudine,
1056 3106 1138 3158 quem
1157 3088 1323 3143 sttrexit.

208 4437 349 4542 3¹„an
365 4444 382 4478 c.
436 4433 459 4481 b)
474 4436 537 4486 mour
553 4443 571 4476 s.
624 4433 645 4481 c)
658 4431 739 4472 missod
753 4441 771 4474 c.
824 4429 849 4482 d)
863 4427 912 4484 err(
928 4441 945 4472 r.
998 4431 1020 4479 e)
1033 4431 1165 4481 propinquis
1180 4432 1240 4483 odd„
1254 4433 1295 4476 del.
1309 4443 1355 4478 u..

240 4498 322 4538 mogun
362 4499 379 4532 e.
