3136 4990
241 451 277 504 40
360 443 389 500 S.
402 443 520 499 PETRI
537 439 801 502 ERPHESFUssT,
821 441 1082 498 CONTINUATIO
1101 442 1246 499 FlKKllH.

154 629 332 714 1134.regis
346 629 522 693 Danorum
548 629 592 691 ad
615 626 859 710 acquirendam
873 627 1021 710 gratiam
1045 627 1118 691 eius
1133 628 1359 692 immensum¹¹

241 719 377 804 pondus
411 718 486 783 auri
520 720 557 782 et
591 715 726 798 argenti
749 715 888 799 optulit,
924 736 964 780 eo
997 717 1089 798 quod
1124 717 1237 800 priore
1260 737 1361 794 anno,

242 801 429 873 Lothuriob
456 807 493 870 in
517 805 736 890 expeditione
752 805 908 869 Romana
931 808 1109 888 occupato,
1134 805 1264 870 multos
1279 805 1362 870 Teu·

240 897 444 973 touicorum,
469 915 553 978 quos
575 895 613 957 in
630 894 762 959 Daniae
778 893 936 977 partibus
959 897 1143 978 repererat,
1168 894 1255 958 alios
1277 896 1362 959 occi·

242 987 349 1063 derat,
375 986 461 1049 alios
485 983 761 1058 obtruncaverat,
785 982 970 1046 nonnullos
993 1003 1074 1048 vero
1098 983 1240 1048 diversis
1264 985 1361 1067 penis
1380 1005 1394 1046 c

242 1080 278 1140 et
300 1075 509 1140 cruciatibus
542 1072 685 1138 affectos
718 1072 760 1136 de
788 1072 915 1135 finibus
947 1072 1017 1136 suis
1047 1071 1205 1150 eiecerat,
1239 1073 1282 1137 ob
1313 1073 1362 1137 in·

240 1165 346 1228 iurias
381 1163 523 1240 seilicet,
559 1182 643 1244 quas
677 1161 751 1244 ipse
786 1162 916 1225 dudum
952 1181 1030 1224 curn
1058 1161 1186 1246 populo
1221 1182 1283 1226 suo
1317 1162 1360 1226 ab

242 1253 396 1318 exercitu
417 1253 508 1336 regis
532 1249 732 1336 pertulerat.
780 1248 891 1328 Quem
920 1253 1036 1315 tamen
1069 1251 1145 1333 pius
1174 1251 1361 1333 imperator

241 1342 390 1426 benigne
414 1341 602 1424 suscipiens
625 1357 741 1421 regem
765 1339 942 1403 Danorum
968 1359 1040 1403 esse
1065 1340 1229 1416 decernit,
1255 1343 1291 1403 et
1313 1339 1361 1402 in-

136 1452 190 1502 rpr.
198 1453 230 1495 rs.
239 1433 352 1515 posito
375 1450 479 1514 super
495 1431 600 1513 caput
623 1429 696 1492 eius
712 1428 917 1505 diademate,
943 1448 1020 1491 cum
1037 1429 1094 1492 die
1109 1432 1230 1492 sancto
1246 1431 1361 1512 pente·
1372 1453 1397 1491 ιο

240 1519 373 1584 costes1
403 1519 498 1602 regio
522 1517 620 1582 cultu
650 1518 797 1581 vestitus
826 1517 1015 1600 imperator
1042 1517 1117 1600 ipse
1148 1518 1358 1602 procederet,

239 1630 318 1675 eum
341 1608 407 1672 sibi
423 1607 613 1692 spatarium
635 1606 731 1670 fecit.
770 1604 847 1684 Qua
867 1605 927 1670 ille
943 1605 1062 1689 gloria,
1087 1606 1171 1672 lieet
1186 1606 1359 1689 indignae,

239 1701 355 1762 mente
370 1697 524 1760 tumidus
548 1696 592 1759 ad
613 1695 752 1780 propria
766 1695 915 1759 festinus
937 1695 1059 1774 rediit;
1083 1698 1360 1780 congregataque

239 1786 464 1880 multitudine
479 1788 691 1849 armatorum
707 1784 871 1848 Erichum
887 1784 997 1847 filium
1014 1785 1131 1868 patrui
1153 1785 1207 1848 sui
1217 1785 1237 1861 ²,
1262 1785 1360 1848 cuius

240 1879 322 1940 ante
354 1875 521 1939 iratrem³
543 1874 726 1949 occiderat,
761 1873 920 1958 persequi
948 1873 1113 1951 instituit,
1148 1878 1184 1938 et
1213 1875 1257 1938 ad
1281 1873 1395 1938 civi-1⁵

239 1968 350 2030 tatem
373 1964 580 2041 Lundinam,
604 1963 664 2027 ubi
688 1984 766 2027 eum
791 1983 869 2026 curn
893 1961 963 2026 suis
986 1963 1157 2026 demorari
1181 1963 1356 2046 comperit,

238 2053 385 2117 navibus
409 2052 578 2138 applicuit
587 2052 609 2113 ⁴.
656 2049 811 2134 Cumque
834 2051 979 2115 navibus
1008 2071 1164 2135 egressus
1191 2052 1227 2114 in
1251 2072 1360 2115 unum

240 2143 440 2208 conveniret
462 2142 642 2216 exercitus,
673 2141 778 2204 timor
806 2141 934 2204 invasit
964 2161 1082 2204 omnes
1104 2141 1290 2218 inmensus,
1322 2143 1358 2205 et

241 2235 301 2295 utc
329 2251 442 2308 naves,
474 2250 558 2314 quas
586 2229 744 2313 Magnus,
775 2250 819 2294 ue
849 2229 925 2312 quis
955 2229 1047 2294 forte
1070 2250 1112 2293 ex
1135 2230 1209 2294 acie
1233 2230 1277 2294 ad
1301 2250 1358 2294 eas

239 2321 452 2404 confugeret,
478 2340 498 2382 a
520 2323 614 2383 terra
636 2318 768 2382 fecerat
797 2318 925 2394 reduci,
958 2318 1072 2382 denuo
1102 2319 1215 2383 littori
1244 2323 1395 2402 postu-20

241 2409 364 2473 labant
398 2408 533 2472 advehi.
586 2408 635 2470 At
674 2407 836 2490 Magnus:
885 2405 999 2485 ‘Quit',
1040 2408 1164 2490 inquit,
1206 2408 1357 2484 ‘timetis

238 2497 366 2562 milites
388 2496 590 2561 fortissimi?
636 2494 772 2580 Viginti
801 2500 882 2559 sunt
912 2495 1008 2560 milia
1031 2497 1181 2561 virorum
1213 2497 1358 2561 fortium

241 2587 411 2651 exereitus
434 2585 554 2660 nostri,
585 2586 621 2649 et
651 2585 679 2648 si
709 2588 814 2668 ceput
844 2585 965 2649 mundi
987 2585 1132 2650 Romam
1163 2586 1258 2650 adire
1288 2585 1358 2670 pla·

243 2676 380 2752 cuisset,
413 2678 534 2738 tantae
566 2672 785 2737 multitudini
817 2673 934 2738 nullus
967 2674 1133 2739 obsistere
1166 2675 1356 2760 potuisset’.

239 2763 316 2827 Illis
347 2767 487 2828 econtra
515 2761 615 2826 nulla
645 2763 879 2827 consolatione
914 2767 1069 2847 recepta,
1108 2765 1168 2830 sed
1198 2765 1394 2848 propriaess

132 2853 331 2932 (nequitae
367 2851 617 2928 diffidentibus,
654 2851 767 2915 David
801 2852 1000 2917 adolescens
1036 2853 1203 2936 egregius,
1240 2853 1358 2917 llrichi

238 2941 363 3006 sororis
386 2941 478 3005 filius
488 2940 509 3018 ⁵,
533 2941 571 3003 in
593 2940 756 3004 Lundina
778 2941 919 3005 civitate
943 2940 1114 3018 obsessus,
1139 2963 1217 3006 curn
1242 2939 1358 3006 OOCtis

237 3030 407 3094 militibus
436 3029 634 3094 Teutonicis
663 3029 860 3094 fortissimis
898 3049 1053 3114 egressus
1084 3032 1357 3096 adversariorum

238 3120 426 3185 exercitum
457 3119 648 3183 cornminus
677 3119 790 3183 fertur
819 3119 856 3182 in
880 3120 1041 3197 medium,
1067 3119 1459 3203 *disturbatisquewccc

237 3211 371 3273 cunetis
395 3211 499 3291 atque
522 3208 748 3292 fugientibus,
782 3208 929 3292 Magnus
951 3209 989 3272 in
1013 3213 1140 3273 terram
1164 3212 1357 3293 prostratus
1367 3230 1393 3269 ao

236 3298 445 3382 relinquitur
473 3297 576 3362 solus.
623 3295 733 3376 Quem
762 3301 982 3380 superastans
1006 3298 1119 3362 David
1143 3298 1354 3364 adolescens:

239 3386 299 3466 ‘0’,
323 3389 447 3470 inquit,
481 3387 581 3451 ‘latro
605 3385 866 3452 sceleratissime
890 3391 925 3451 et
949 3388 1121 3470 parricida
1143 3387 1355 3466 infidissimo,

237 3576 295 3628 slei
309 3577 405 3627 odd&
425 3589 446 3627 p.
460 3589 481 3621 s.
496 3582 580 3628 etsrg.
594 3575 666 3616 eidem
680 3581 725 3626 opt.
740 3577 764 3619 P.
845 3577 868 3626 b)
882 3589 936 3628 rege
950 3578 1017 3620 Loth.
1029 3579 1054 3620 Ε.
1133 3577 1164 3629 ,cl
1178 3579 1240 3621 cicc.
1254 3577 1357 3625 &Em

238 3643 281 3682 qua
296 3631 359 3674 eron.
373 3632 457 3680 Belua,
471 3642 498 3670 ez
512 3633 553 3670 hac
567 3631 623 3674 Hlot.
637 3631 751 3680 secarun-
765 3639 790 3670 ιιι
804 3631 916 3670 dolendum
931 3633 1021 3676 sedetur.

241 3790 268 3856 1)
284 3788 426 3842 Paschotis
447 3793 546 3856 potius.
585 3791 627 3854 Os.
653 3789 812 3843 Bernhardi
829 3791 844 3846 l.
865 3791 882 3846 l.
897 3809 926 3859 p.
948 3793 1009 3856 541,
1035 3809 1060 3846 n.
1080 3793 1123 3847 38.
1232 3793 1260 3858 2)
1278 3790 1393 3846 &taes

238 3860 347 3927 Eyotlce.
438 3863 466 3928 3)
489 3862 640 3914 Knutonem
665 3862 798 3925 Laward,·
825 3864 860 3928 cf.
879 3879 966 3931 aspro
986 3880 1016 3930 p.
1038 3866 1081 3926 37,
1107 3879 1133 3917 n.
1156 3866 1181 3918 3.
1271 3865 1299 3931 4)
1321 3864 1357 3915 In

237 3934 300 3983 mnu
318 3931 437 3997 Fotcos'lr,
452 3933 597 3999 peninsula
622 3933 653 3984 dc
670 3933 780 3986 Skandr
797 3935 891 3999 effecto,
917 3949 989 3986 nunc
1012 3935 1080 3986 dicto
1105 3933 1171 3986 Hou
1192 3935 1284 3998 Viam,
1309 3937 1358 4002 qut

238 4003 443 4069 longitudinm
460 4021 478 4054 a
498 4003 579 4056 Lund
596 4006 709 4067 deitate,
727 4021 814 4072 prope
832 4007 958 4072 oppidum
978 4005 1120 4060 Hammar.
1159 4006 1202 4069 Cf.
1222 4005 1251 4060 J.
1269 4005 1357 4059 Stem-

236 4080 316 4142 mp
334 4077 364 4126 iu
384 4074 465 4128 ‘Hm
489 4074 653 4138 Tc‘dsslcrift'
677 4075 737 4127 VII.
755 4093 817 4142 cer,
835 4083 854 4130 t.
868 4076 919 4144 IV,
935 4094 965 4143 p.
980 4079 1129 4132 742-747.
1220 4079 1247 4142 5)
1272 4077 1356 4130 Unico

237 4161 315 4198 soror
342 4145 422 4198 Erics'
447 4145 560 4211 Emona,
587 4147 648 4211 filia
675 4145 756 4198 Erice*
780 4147 891 4214 qutle,
925 4153 988 4201 nota
1015 4155 1052 4201 est
1078 4149 1257 4215 Rapniln'ldio
1283 4163 1392 4201 uxoreo

236 4217 369 4284 Haquc'nq
387 4233 421 4269 ecc
438 4232 490 4284 quo
505 4219 609 4284 peperit
621 4217 734 4270 Ericum
747 4218 848 4286 sparte
865 4219 904 4272 ccl
914 4219 1008 4284 mmo,
1021 4225 1113 4287 postca
1131 4235 1157 4273 a.
1169 4222 1355 4276 1137-1147.

235 4303 322 4354 repom
341 4288 492 4342 Dacorum.
529 4288 610 4340 Hunc
634 4288 669 4340 od
693 4289 740 4341 hoc
764 4297 871 4342 auctore
894 4293 1063 4343 nominatum
1085 4307 1139 4343 esee
1157 4291 1247 4344 Dauid
1272 4292 1355 4344 atero

235 4362 340 4412 nomm
364 4361 475 4413 omit
501 4360 529 4414 J.
548 4359 703 4426 Saewtrap
727 4361 758 4412 in
783 4361 863 4415 ‘Ht‘st
893 4361 1057 4425 manasse
1083 4361 1145 4417 VII.
1158 4364 1248 4430 urica,
1267 4368 1284 4416 t.
1305 4363 1355 4425 IV,
