3214 4990
260 462 314 516 492
660 457 828 514 ORONIOA
844 456 980 514 MINOR.

259 640 297 705 in
325 640 554 723 purificatione
587 663 612 705 s.
638 641 783 722 Mariae,
815 640 1054 706 Enattationem
1083 661 1109 706 s.
1140 642 1251 723 erucis,
1287 643 1378 708 Vitas

261 729 408 811 Kitiani,
440 729 606 812 Lamperti
632 729 830 810 Leodiensis,
862 729 972 795 Bedae
1001 730 1214 813 Venerabibis,
1245 732 1378 814 Aspidii

259 819 392 893 obbatis,
420 819 592 900 Bonifocii
615 825 741 884 anctore
767 819 884 900 Ottobo,
913 819 1170 885 Transtotionem
1199 841 1224 885 s.
1249 820 1377 886 Dibmii

258 907 410 989 innotam,
435 909 581 991 dependas
598 907 752 990 Stephani
767 908 852 990 repis
873 907 1038 990 Unparioe
1056 915 1086 973 et
1107 907 1254 975 Udatrici
1269 909 1377 992 Aupn·

260 996 348 1061 steni
370 997 536 1079 bucusque,
560 1003 595 1062 ut
616 995 749 1077 ridetur,
773 996 921 1076 ineditos,
942 996 1032 1062 Vitas
1047 997 1199 1063 Heinrici
1211 999 1236 1062 Ι
1237 999 1264 1062 Ι.
1284 998 1376 1079 impe-
1395 1023 1409 1064 s

260 1085 379 1150 roboris
408 1093 534 1151 emtore
563 1086 758 1151 Adatberto¹
787 1106 856 1150 cum
886 1085 966 1151 tibro
995 1085 1223 1151 miraculorum
1251 1086 1320 1152 eins
1349 1094 1378 1152 et

260 1174 341 1238 tibro
355 1175 431 1239 ΙΙΙ.
449 1181 560 1256 postea
583 1174 713 1240 addito²
735 1181 765 1240 et
790 1173 995 1257 (brnepundis
1016 1173 1261 1256 imperatricis⁸.
1297 1177 1376 1242 For-

260 1269 343 1327 tasse
372 1264 528 1345 quaedam
557 1264 595 1329 de
623 1262 676 1327 bis
705 1264 751 1328 oet
781 1262 857 1328 abiis
887 1262 1014 1342 sanctis,
1045 1284 1122 1345 qnos
1145 1264 1202 1329 boc
1224 1265 1289 1330 toco
1311 1285 1376 1329 non

259 1352 434 1435 nominaui,
470 1373 509 1417 en·
540 1351 765 1435 martyrotopio
798 1353 934 1434 quodum
968 1353 1015 1416 oet
1048 1372 1087 1416 eu
1118 1353 1377 1419 adnotationibus

259 1441 481 1524 martprotopii
503 1440 685 1522 tependario
707 1441 838 1506 insertis
859 1440 1021 1522 sumpsit⁴,
1045 1461 1144 1522 neque
1167 1448 1271 1507 tannn
1294 1442 1413 1524 arem-10

259 1551 356 1611 qnam
384 1529 635 1612 bapiopropbiae
662 1550 786 1612 puarns
814 1529 944 1612 ianorot
971 1530 1028 1595 boe
1055 1529 1249 1610 difficillime
1277 1532 1376 1596 statui

253 1639 348 1699 posse
376 1639 433 1684 nec
461 1618 642 1700 mirabitur,
674 1620 757 1700 quod
784 1617 869 1684 nibil
891 1618 1007 1684 certem
1029 1619 1089 1684 boc
1112 1620 1206 1684 dere
1229 1619 1374 1684 dixerim.

367 1709 626 1773 Fundamentum
640 1707 734 1788 qnasi
749 1707 853 1790 operis
875 1707 927 1773 sni
949 1713 1059 1773 auctor
1067 1707 1178 1790 posuit
1200 1709 1376 1791 catatopnm

259 1798 417 1877 quendam
428 1797 618 1878 pontificum
634 1796 862 1874 Romanorum,
887 1817 1001 1878 enque
1018 1817 1122 1877 paene
1145 1817 1251 1862 omnes
1273 1818 1376 1862 annos

260 1906 442 1967 mensesque
464 1884 632 1967 repiminis
654 1906 762 1951 eornm
783 1885 916 1968 sumpsit
924 1887 945 1966 ⁵,
970 1907 1039 1950 cnm
1061 1885 1098 1950 in
1122 1885 1203 1950 libro
1225 1887 1412 1966 Frntotli-ss

260 1973 448 2040 Ebbetmrdi
456 1974 630 2039 rarinsbos
641 1975 807 2040 adnotatos
817 1973 995 2039 inuenisset.
1020 1975 1376 2040 Ecbocantemseriem

261 2069 290 2128 et
320 2063 452 2128 nomino
478 2063 668 2145 pontificu-m
698 2084 767 2128 cum
800 2063 899 2129 annis
932 2061 1110 2129 dominicae
1138 2063 1376 2128 incarnationis

260 2173 368 2216 eorum
389 2173 487 2234 usque
509 2154 554 2216 ad
574 2173 654 2217 saec.
672 2153 741 2217 IX.
765 2173 812 2216 en.
836 2153 904 2232 fere
927 2151 1174 2234 transsmnpsit⁶.
1226 2153 1376 2234 Quomvms

261 2241 344 2306 anni
366 2241 533 2323 repiminis
549 2241 747 2322 pontificum,
778 2262 855 2323 qnos
881 2261 920 2304 en
942 2241 1083 2322 catatopo
1105 2239 1245 2322 sumpsit,
1270 2239 1375 2323 deffer-

261 2337 333 2394 rent
360 2330 400 2394 ab
429 2329 527 2394 annis
556 2329 794 2395 incarnationis
823 2329 1022 2410 Ebtsebordr',
1051 2329 1237 2412 pierumque
1271 2335 1412 2395 tamense

261 2419 317 2482 bos
339 2418 474 2483 retinnit
483 2419 502 2482 ⁷.
536 2417 672 2483 Demnm
694 2420 735 2483 ab
757 2419 886 2485 Urbano
903 2439 994 2500 papa
1010 2418 1041 2482 Ι.
1065 2438 1250 2500 copnoscens
1273 2439 1376 2483 annos

261 2506 398 2588 catatopi
431 2507 483 2572 sni
516 2509 556 2572 ab
590 2507 633 2571 iis
666 2507 859 2572 Ebbebordi
892 2507 990 2571 nimis
1023 2506 1161 2586 differre
1195 2513 1224 2572 et
1256 2507 1375 2572 inserto

266 2594 402 2678 Cyriaco
418 2617 508 2677 papo
531 2616 634 2661 annos
655 2595 894 2661 incarnationis
916 2594 1108 2660 Etcbebardi
1130 2617 1222 2676 saepe
1243 2595 1376 2660 mutarit

260 2705 359 2766 neque
388 2690 493 2748 tomen
522 2705 591 2750 cum
617 2684 716 2750 annis
738 2684 904 2767 repiminis
934 2683 1070 2766 catatopi
1098 2683 1150 2749 sni
1171 2683 1285 2766 ubique
1306 2705 1375 2750 con-

260 2772 432 2838 cordavit⁸.
480 2774 603 2855 Itaque,
634 2773 778 2854 quamuis
807 2775 951 2853 studeret,
981 2779 1016 2837 ut
1045 2774 1089 2838 ad
1116 2773 1412 2856 computationemn

260 2881 420 2927 annorum
431 2861 670 2927 incarnationis
681 2862 872 2928 Ebketmrdi
883 2864 1109 2945 reprederetur,
1126 2861 1375 2944 temporoponti·

259 2953 357 3031 doum
386 2950 501 3016 misero
529 2953 620 3016 modo
651 2951 857 3032 conturbavit,
887 2951 1079 3033 praesertim
1109 2973 1130 3017 a
1159 2951 1282 3016 saecuto
1305 2951 1374 3014 IX.

258 3045 397 3121 enermte,
421 3039 537 3106 abinde
558 3039 626 3104 iam
648 3060 713 3105 non
732 3061 830 3105 onmes
843 3039 1059 3122 pontificibus,
1082 3060 1215 3122 qnormn
1225 3039 1377 3121 permulti

259 3149 339 3194 saec.
360 3129 403 3192 X.
434 3130 590 3210 sederunt,
622 3149 725 3194 annos
752 3128 990 3194 incarnationis
1018 3127 1205 3208 adscribere,
1237 3131 1333 3194 donec
1355 3149 1377 3192 a

260 3219 365 3284 Leone
388 3218 457 3282 IX.
482 3239 572 3300 papa
595 3238 698 3282 annos
720 3217 886 3299 Lamperti
908 3224 937 3282 et
958 3216 1150 3282 Etctrebardi
1172 3223 1330 3298 repeteret.
1386 3243 1413 3284 so

373 3306 542 3389 Oatatopns
558 3307 756 3388 pontificum,
780 3328 870 3388 quem
885 3313 995 3372 auctor
1009 3313 1131 3372 secutus
1145 3311 1198 3385 est,
1221 3305 1289 3369 iam
1312 3327 1376 3370 non

260 3403 385 3461 eostare
406 3397 540 3475 ridetur,
572 3396 627 3461 sed
648 3395 700 3462 bic
719 3395 889 3478 prosimus
911 3394 977 3475 fuit
1003 3395 1041 3477 ei,
1072 3415 1162 3477 quem
1190 3393 1377 3474 Gotifredus

263 3589 288 3650 1)
306 3588 353 3643 SS.
373 3588 426 3655 IV,
450 3605 477 3656 p.
497 3591 652 3643 isi-814.
724 3589 752 3656 2)
770 3587 838 3642 Ibid.
862 3605 888 3656 p.
907 3588 1071 3643 sis-820.
1143 3587 1171 3653 3)
1190 3585 1259 3640 [bid.
1275 3603 1305 3653 p.
1323 3588 1374 3642 821

263 3662 365 3715 -824.
449 3661 477 3724 4)
496 3660 636 3711 Nonnulla
654 3661 733 3712 etiam
752 3661 784 3712 de
801 3661 900 3712 sanctis
918 3675 951 3710 en
968 3657 1091 3710 cantibus
1110 3656 1196 3722 officii
1213 3658 1378 3710 munemne·

260 3731 376 3795 fortasse
393 3732 514 3798 sumpsit,
539 3736 569 3782 nt
594 3731 623 3783 iet
647 3731 717 3798 qrrod
741 3731 773 3783 de
792 3729 917 3783 OEememe
934 3729 957 3784 I.
978 3746 1055 3798 papa
1077 3729 1157 3783 dixit.
1229 3731 1256 3796 5)
1275 3729 1412 3783 Paucosss

261 3803 424 3854 Etctcebnrdr'
447 3804 565 3856 retinuit.
656 3803 683 3867 6)
710 3801 776 3854 Onm
801 3801 965 3854 Etctcebordo
989 3801 1029 3852 bis
1049 3802 1143 3868 posuit
1161 3799 1270 3853 Sintum
1288 3799 1327 3854 ΙΙ.
1354 3805 1376 3852 et

262 3871 434 3938 Dionysiam.
472 3872 523 3925 Sed
541 3876 596 3941 ipse
621 3873 781 3939 subpendo
806 3872 924 3925 undecim
944 3872 1050 3922 milium
1067 3872 1204 3936 cirninum
1223 3871 1375 3936 (tyrtaeum,

261 3960 274 3996 e
298 3945 358 3995 Vita
377 3944 486 3994 Hilarii
503 3943 629 4008 fabuloso
646 3943 758 3997 Locum
771 3959 876 4012 papam
893 3945 1049 3995 Arriannm
1067 3942 1180 3997 addidit.
1253 3943 1281 4012 7)
1299 3941 1377 3994 Velut

260 4015 446 4067 Eleutherion
464 4014 647 4068 Ettrebardus
671 4018 752 4067 annis
772 4018 805 4070 13
833 4015 1140 4080 oba.178.nsqnead
1163 4029 1189 4068 a.
1203 4015 1263 4068 191.
1281 4013 1377 4065 sedisse

260 4087 341 4148 discit,
369 4101 435 4152 quos
461 4102 548 4138 annos
574 4089 771 4139 incarnationis
795 4086 885 4150 frater
909 4085 1002 4138 Minor
1026 4087 1146 4150 retinuit,
1174 4085 1294 4153 qnamm’s
1321 4085 1413 4151 ipsese

260 4156 446 4208 Eleutherion
472 4159 552 4209 annis
578 4160 620 4221 15,
645 4175 726 4212 murs.
749 4159 765 4212 9
792 4157 887 4210 sedisse
910 4159 1066 4223 scripsisset.
1104 4156 1170 4208 Oiem
1196 4155 1377 4208 neniarum

259 4229 441 4295 Zepberinum
458 4227 493 4280 ab
513 4245 539 4287 o.
558 4231 619 4284 203.
639 4232 720 4280 annis
739 4231 772 4284 18
797 4229 893 4281 sedisse
910 4227 1042 4294 scriberet,
1068 4228 1094 4279 ei
1117 4243 1142 4281 u.
1162 4228 1223 4282 221.
1246 4225 1376 4277 Victorem

260 4301 410 4352 mussona
421 4299 500 4364 diso,
520 4315 587 4366 qnos
599 4315 685 4353 annos
696 4301 893 4352 incantationis
905 4305 993 4350 noster
1005 4299 1133 4366 repetivit,
1146 4300 1267 4364 quamuis
1277 4297 1376 4364 Zepbe·

259 4373 353 4422 rin-nm
376 4375 481 4420 tontum
506 4373 586 4422 annes
604 4373 630 4436 8,
655 4373 771 4425 mens‘t
797 4371 892 4423 sedisse
917 4369 1036 4423 dixisset.
1118 4369 1147 4437 8)
1173 4367 1247 4420 Vdnt
1265 4367 1376 4434 Sturno-

259 4457 325 4493 num
345 4441 367 4496 1.
387 4441 420 4492 ab
438 4457 464 4496 a.
484 4443 544 4496 275.
563 4443 699 4508 modoad
717 4459 742 4496 a.
759 4444 819 4497 280.
839 4443 921 4494 annis
937 4443 964 4506 8,
984 4441 1092 4495 rrrnn.7
1111 4439 1207 4492 sedisse
1224 4439 1303 4494 dicit.
1385 4451 1414 4494 ii
