3130 4990
340 497 391 551 132
480 491 646 549 ORONIGA
664 491 693 550 S.
705 491 820 547 ΡΕΤΒΙ
838 489 1100 546 ΕΗΕΟΒΒΕΝθῐὸ
1118 489 1314 548 MODERNA.

338 697 416 742 uam
437 677 484 741 331
500 682 612 757 partes
634 675 701 740 eius
724 653 890 755 continent,
915 674 960 738 ad
973 671 1107 738 codicem
1124 693 1221 754 usque
1243 675 1288 738 ad
1309 697 1339 740 a.
1356 681 1454 742 1335.

338 765 554 830 mutinuatum
584 765 725 844 redeunt,
756 783 862 828 omues
895 769 1049 842 auctores,
1083 761 1138 843 qui-
1166 761 1250 827 hanc
1283 762 1455 830 Orouicam

338 853 578 935 exscripserunt,
602 851 759 918 codicibus
781 872 819 916 en
842 851 896 915 ittc
918 871 1014 932 usquc
1036 851 1081 915 ad
1103 873 1132 916 a.
1154 857 1246 915 1335.
1271 852 1455 918 continuato

333 942 488 1023 profectis
501 941 554 1006 usi
568 947 642 1006 sant
651 941 671 1022 ¹,
696 947 834 1006 attamen
843 940 971 1021 primm
986 939 1045 1003 Fr.
1062 938 1105 1004 X.
1123 939 1243 1022 Wepete
1258 940 1456 1007 chronistam

338 1030 734 1096 Reinhardsbruunensem
748 1029 912 1110 quaedam,
932 1049 1012 1109 auae
1026 1029 1063 1093 iu
1077 1027 1196 1094 nastris
1205 1029 1363 1095 codicibus
1380 1030 1454 1096 Oro
1474 1055 1490 1095 s

337 1119 430 1185 nicae
450 1119 619 1184 amiternae
641 1139 705 1182 non
727 1118 881 1200 tepnutur,
905 1137 944 1182 33
965 1117 1130 1183 vetustiore
1151 1125 1181 1182 31
1201 1117 1328 1183 31311333
1350 1119 1455 1185 codice

337 1208 475 1274 eiusdem
504 1207 672 1288 sumpsisse
701 1206 832 1272 coniecit
840 1207 860 1288 ²,
891 1205 1035 1287 quamius
1063 1205 1115 1271 hic
1144 1205 1277 1271 codicem
1306 1206 1457 1272 habuerit

337 1317 407 1362 cum
429 1302 536 1362 nostra
561 1303 575 1359 1
608 1316 673 1359 uon
697 1297 786 1360 modo
811 1315 908 1375 usque
931 1293 975 1359 ad
997 1317 1026 1358 a.
1047 1299 1139 1374 1335,
1163 1295 1218 1359 sed
1238 1293 1333 1360 etiam
1356 1317 1455 1378 usque

337 1387 383 1451 ad
414 1386 457 1450 *a
489 1390 582 1448 1338.
618 1383 860 1463 conuenientem,
901 1382 987 1448 Oout.
1019 1383 1049 1446 Ι.
1085 1382 1202 1447 33111331
1233 1384 1555 1451 concitamentum.

343 1473 404 1539 Oui
433 1472 641 1538 nihilomiuus
669 1472 793 1537 assensi
819 1471 851 1537 0.
882 1471 1100 1552 Grduhapen⁸
1129 1478 1157 1535 ct
1183 1471 1218 1536 Ο.
1241 1471 1358 1537 Posse⁴
1385 1473 1454 1538 iam
1464 1499 1493 1538 10

337 1562 443 1626 maius
471 1561 628 1642 quoddam
657 1560 826 1626 chronicon
850 1559 976 1624 Montis
999 1559 1031 1624 S.
1050 1559 1148 1640 Petri,
1171 1561 1254 1641 quod
1275 1581 1339 1624 nou
1361 1563 1454 1626 moda

337 1650 509 1714 monachus
532 1648 917 1730 Reinhardsbruunensis,
948 1648 1003 1712 sed
1031 1647 1125 1712 etiam
1154 1647 1223 1729 atii,
1247 1655 1282 1713 ut
1305 1649 1455 1730 Sissidas

338 1739 376 1803 de
406 1737 594 1803 Batnhusiu
631 1744 660 1803 et
696 1737 889 1819 Varihoquus
921 1743 950 1801 et
982 1743 1091 1800 auctor
1124 1735 1290 1802 Historiae
1323 1739 1451 1821 tandpr.

337 1827 485 1906 Eccard,
517 1827 762 1908 casaripsisseut,
792 1826 931 1890 astitisse
960 1826 1192 1906 contenderunt,
1222 1827 1367 1907 qicamcis
1402 1827 1454 1893 hia

338 1915 539 1997 arcisetppum
562 1915 678 1980 codicis
700 1913 803 1980 nostri
825 1913 887 1994 Εὖ,
918 1914 972 1977 itte
997 1913 1193 1978 simittimum
1216 1915 1279 1979 cod.
1304 1916 1409 1980 nostri
1435 1924 1492 1980 l1s

338 2025 407 2069 cum
427 2003 513 2069 Oont.
532 2003 561 2068 I.
580 2003 654 2067 ΙΙΙ.
679 1999 831 2087 (-1355)
855 2001 1032 2083 1131333131,
1056 2009 1084 2066 31
1107 2002 1255 2082 8111111133
1282 2003 1454 2070 Granicum

336 2094 520 2157 modernam
543 2113 607 2156 nou
629 2093 739 2174 1391333
761 2092 915 2156 mdeatur.

450 2181 492 2248 Ut
513 2181 563 2245 his
586 2181 681 2245 etiam
703 2181 742 2244 L.
762 2180 914 2246 Weitaud
936 2181 962 2244 b.
980 2202 1019 2243 m.
1045 2179 1251 2245 assentiretur
1261 2181 1281 2260 θ,
1306 2202 1340 2245 33
1357 2203 1452 2262 prae-

337 2269 444 2334 sertim
466 2269 613 2334 inductus
636 2276 688 2348 est,
717 2270 800 2350 quad
821 2269 858 2334 ia
878 2268 965 2334 Gont.
987 2268 1188 2350 Thuriupica
1211 2267 1450 2354 (Eusordensi),

336 2377 432 2440 auam
454 2357 561 2437 edidit,
585 2377 696 2422 revera
715 2357 910 2422 continuatio
933 2377 1063 2438 eousque
1084 2357 1193 2438 ipnota
1216 2357 1373 2438 suscripta
1397 2366 1491 2438 estio

337 2447 474 2511 secunda
507 2445 648 2510 videlicet
681 2468 710 2511 a.
743 2450 975 2527 1336-1353,
1010 2466 1070 2526 933
1104 2445 1325 2511 animaduerso
1353 2447 1453 2527 facite

337 2534 520 2599 cornmooeri
544 2534 660 2615 potuit,
684 2541 720 2599 ut
747 2535 867 2614 falsam
898 2535 1025 2598 iliarum
1055 2534 1233 2615 opinionem
1262 2543 1450 2618 seq-incatur,

336 2630 427 2688 ratus
457 2622 552 2688 etiam
582 2629 655 2688 ante
684 2645 714 2688 a.
742 2629 835 2688 1335.
866 2622 971 2688 maius
1000 2629 1106 2688 nostro
1136 2621 1277 2687 chronici
1305 2625 1336 2688 S.
1360 2625 1453 2689 Petri

337 2713 495 2792 coemptor
528 2733 549 2776 a
589 2711 675 2776 Oout.
713 2711 910 2794 Thurinpico
944 2712 1053 2776 lectum
1087 2733 1160 2776 esse.
1214 2713 1317 2794 Atque
1354 2713 1452 2778 etiam

342 2800 509 2866 3113333
532 2799 671 2864 omnium
694 2801 732 2865 de
751 2801 811 2865 hac
830 2822 864 2866 re
880 2799 1101 2864 disserentium
1124 2821 1306 2865 consensum
1329 2807 1526 2866 3333133331

262 2899 263 2903 ’
337 2890 492 2971 quaedam
519 2909 557 2954 ea
586 2889 732 2954 chronico
755 2890 787 2954 S.
806 2887 896 2953 Petri
917 2889 1038 2953 maiore
1060 2895 1182 2970 sumpta
1205 2909 1270 2953 esse
1299 2890 1450 2971 33333117,

337 2999 418 3058 quae
439 2977 476 3042 iu
491 2977 648 3042 codicibus
669 2977 822 3042 03331333
843 2979 1012 3042 modernas
1034 2999 1099 3041 non
1120 2977 1334 3041 inueniuntur.
1371 2979 1453 3042 Tum

342 3067 399 3131 Th.
425 3065 449 3129 Ι
451 3067 521 3148 1933
550 3065 777 3148 31111739318
804 3086 947 3130 erroruuc
969 3067 1044 3130 moti
1069 3067 1178 3130 nutem
1201 3065 1453 3130 coniecturarum

338 3156 496 3235 falsarum
526 3161 810 3235 superstru-aeruut.
859 3155 951 3218 Solus
978 3154 1099 3219 Erimus
1123 3154 1264 3219 Schmidt
1291 3159 1371 3219 recte
1400 3177 1452 3220 ne-

336 3243 445 3326 pauit⁹
467 3243 636 3308 chronicon
659 3243 784 3308 Montis
808 3244 840 3308 S.
858 3243 949 3307 Petri
970 3243 1076 3308 maius
1098 3249 1203 3307 nostro
1226 3243 1372 3323 extitisse,
1397 3245 1492 3309 sedeo

339 3333 405 3414 ipss
427 3332 548 3397 erravit
569 3332 606 3396 iu
625 3353 668 3413 33,
692 3333 775 3414 quod
793 3331 949 3413 copiosam
965 3331 1230 3396 continuationem
1245 3332 1297 3395 ΙΙ.
1318 3339 1450 3397 31336

339 3427 478 3486 -1353.
495 3421 532 3485 in
543 3420 650 3485 multis
665 3420 757 3485 tibris
769 3419 958 3502 suscriptum
970 3441 1034 3484 esse
1049 3441 1113 3484 uon
1123 3420 1327 3502 perspecerit,
1344 3443 1452 3502 acram·

338 3510 387 3580 vis
410 3509 528 3575 cadmeo
545 3509 580 3574 E
599 3515 629 3573 et
650 3510 701 3590 M,
724 3508 761 3572 in
783 3508 897 3589 quibus
918 3529 1054 3591 mapuae
1076 3508 1144 3573 eius
1162 3515 1271 3589 partes
1293 3509 1452 3574 continen-

339 3605 400 3679 tur,
434 3597 587 3678 habuerit,
623 3598 770 3679 opinatus
798 3619 853 3662 eas
885 3618 924 3661 33
953 3596 1098 3662 chronico
1127 3598 1259 3678 quodam
1290 3600 1454 3663 consutum

339 3753 366 3821 1)
386 3754 428 3817 Cf.
448 3754 492 3807 ¹N.
512 3753 624 3806 Archia'
643 3753 723 3820 XXI,
750 3771 777 3820 p.
797 3754 857 3808 479.
941 3754 970 3821 2)
988 3755 1060 3807 Anu.
1080 3753 1273 3807 Reimhardsbr.
1296 3771 1324 3820 p.
1348 3763 1490 3810 xxxmo

338 3825 366 3890 3)
382 3825 518 3878 ‘Zettschr.
538 3827 558 3890 f.
582 3825 714 3890 Thurinp.
736 3824 836 3876 Gisch!
854 3824 910 3890 ΙΙΙ,
933 3842 960 3891 p.
980 3825 1098 3879 87-98.
1188 3825 1217 3885 4)
1237 3826 1452 3890 ‘Forschuupcn'

337 3894 422 3959 XIII,
440 3913 466 3962 p.
480 3897 642 3950 335-—35o
723 3898 750 3962 5)
769 3895 824 3958 Qui
836 3902 947 3961 praetor
964 3895 1033 3946 hunc
1051 3901 1074 3946 31
1093 3896 1172 3949 Crou.
1192 3895 1396 3960 Betnhardsbr,
1417 3913 1453 3948 ex

337 3965 433 4033 quibus
457 3967 541 4016 multa
560 3967 639 4019 Gran.
660 3967 798 4018 modernae
822 3969 970 4033 euurrpsit,
997 3969 1076 4018 etiam
1098 3967 1213 4019 eiusdem
1237 3968 1346 4018 codicem
1367 3983 1453 4033 usquc

337 4037 374 4088 ad
396 4053 421 4090 a.
441 4039 518 4092 1208.
537 4039 730 4103 putinpsntim
755 4037 877 4089 habuisse
901 4039 1013 4101 unsar,
1038 4039 1082 4089 sed
1106 4053 1170 4089 sous
1194 4039 1273 4088 stiam
1298 4043 1358 4089 aute
1380 4037 1453 4090 huma

337 4123 438 4158 aunum
456 4108 529 4158 nihil
542 4107 659 4173 praebet,
677 4109 746 4176 quod
763 4109 886 4160 chronico
898 4109 999 4160 Montis
1010 4109 1038 4162 S.
1051 4109 1126 4161 Petri
1142 4111 1243 4160 oraim-i
1259 4111 1319 4160 iure
1336 4109 1490 4161 attribuito

333 4181 428 4245 possit.
500 4179 527 4249 6)
549 4179 591 4232 ‘D.
606 4179 677 4232 cur!
691 4181 730 4242 ΙΙ,
745 4197 774 4245 p.
787 4183 848 4235 290.
931 4179 957 4249 7)
977 4180 1072 4232 ‘Entst
1091 4181 1116 4234 d.
1136 4180 1328 4232 Rcinhardsbr.
1349 4180 1451 4235 nescu!

334 4268 362 4317 p.
374 4253 434 4314 104,
448 4267 474 4302 n.
485 4253 509 4304 3.
530 4251 590 4315 106,
609 4267 634 4303 u.
648 4253 680 4317 23
702 4252 745 4305 ‘N.
758 4251 875 4301 Archic'
888 4251 923 4316 X,
939 4267 968 4316 p.
985 4255 1044 4316 131,
1064 4252 1108 4304 sci
1120 4251 1214 4303 ibidem
1229 4267 1258 4318 p.
1273 4254 1323 4305 122
1336 4267 1372 4316 39.
1390 4250 1452 4304 bene

336 4327 428 4373 contro
453 4321 513 4372 ilios
538 4327 741 4386 urpmneutatus
765 4329 810 4388 est,
837 4325 884 4388 qui
909 4325 992 4373 ntsnta
1013 4323 1091 4376 Cran.
1111 4323 1249 4374 morianas
1267 4322 1449 4376 obtruderunt.

337 4395 365 4457 8)
384 4393 483 4446 ‘Gesch
510 4395 535 4445 d.
561 4393 726 4446 thir-hess.
747 4393 992 4458 Erbfatochriepcs'
1007 4411 1036 4459 p.
1054 4395 1071 4448 8
1089 4409 1144 4459 sqq.
1170 4395 1328 4459 (separatim
1352 4393 1390 4447 cd.
1417 4409 1451 4446 esc

337 4464 473 4516 ‘Zeitschm
492 4465 512 4528 f.
532 4463 606 4518 Hess.
627 4463 716 4517 Gesch
736 4463 769 4517 N.
785 4463 825 4518 F!
838 4463 887 4525 X).
960 4467 986 4530 9)
1004 4465 1035 4518 L.
1049 4465 1065 4517 I.
1081 4481 1109 4532 p.
1125 4465 1277 4519 156—177.
1460 4476 1491 4515 45
