3188 4990
301 461 472 520 unomen
484 461 511 521 S.
521 462 638 519 PETRI
649 463 912 521 ERFORDENSIS
923 463 1015 522 MOD.
1034 466 1070 522 A.
1082 469 1158 524 1306.
1240 471 1293 525 329

284 649 437 714 Eodem·
463 669 552 714 anno
575 669 635 714 rex
658 647 769 714 Fulde
792 649 999 733 colloquium
1032 669 1110 714 eum
1134 631 1403 750 principi-(¹222)

177 739 241 804 bus
271 739 405 816 habuit,
436 738 497 803 ubi
526 738 740 822 lantgravius
766 737 955 823 Thuringie
984 737 1149 805 Albertus
1179 740 1292 806 affuit.

178 826 244 908 Qui
269 849 290 891 a
311 847 392 911 rege
416 828 460 892 de
482 827 631 892 filiorum
660 846 799 891 suorum
830 828 1048 892 contumacia
1077 829 1235 912 arguitur
1257 833 1293 894 et

177 937 238 1002 pro
262 917 439 1001 empcione
462 915 651 1000 Thuringie
675 918 891 981 ammonetur
901 915 923 978 ¹.
970 916 1012 979 In
1042 918 1162 982 eodem
1185 918 1293 1002 igitur

147 1006 349 1090 scolloquio
379 1005 556 1090 expedicio
585 1006 623 1069 in
645 1003 869 1088 Thuringiam
900 1026 921 1069 a
949 1025 1030 1089 rege
1059 1005 1290 1071 Romanorum

177 1095 410 1180 proclamatur
433 1095 524 1159 cirea
545 1094 675 1160 testum
698 1095 742 1158 ed
764 1094 904 1158 vincula
926 1095 1038 1158 sancti
1053 1094 1149 1160 Petri
1172 1099 1388 1168 contrarau

177 1183 267 1248 filios
290 1183 476 1268 lantgravii
498 1182 669 1247 facienda.
704 1182 772 1248 Sed
795 1182 898 1267 longe
913 1183 1009 1247 aliud
1031 1183 1167 1248 accidit.
1201 1184 1291 1248 Nam

178 1273 298 1338 eodem
320 1276 476 1358 tempore
498 1292 558 1337 rex
581 1272 702 1336 audita
724 1275 834 1337 morte
858 1271 1009 1338 Bolezlai
1031 1273 1122 1356 regis
1141 1273 1290 1351 Boemie‚

76 1360 356 1427 esu-*avunculi
386 1361 470 1440 sui',
500 1362 611 1445 ipsam
639 1361 897 1444 expedicionem
926 1362 960 1424 in
988 1361 1162 1426 Boemiam
1187 1362 1293 1427 diver·

143 1452 232 1525 rotit,
256 1450 318 1515 ubi
339 1451 409 1515 iam
433 1450 501 1514 duo
524 1442 685 1516 fuerantl
713 1470 774 1534 per
796 1449 1042 1516 dissensionem
1066 1450 1178 1526 electi,
1202 1451 1292 1516 vide·

177 1539 260 1604 licet
281 1539 455 1604 Rudolius
485 1540 555 1603 dux
577 1539 727 1616 Austrie,
756 1539 847 1603 filius
875 1540 967 1623 regis
989 1539 1231 1612 Romanorum.
1257 1544 1293 1605 et

177 1629 267 1694 alter
290 1628 360 1692 dux
382 1627 600 1693 Karinthiess.
639 1627 707 1693 Sed
730 1647 810 1712 rege
832 1627 993 1694 veniente
1016 1628 1086 1692 dux
1107 1628 1292 1694 Kerinthie

178 1718 290 1794 cessit,
315 1717 407 1782 filius
431 1736 510 1782 vero
540 1717 631 1800 regis
661 1715 841 1781 aBoemis
871 1717 909 1780 in
931 1736 1047 1800 regem
1070 1717 1177 1802 ipsius
1200 1720 1292 1783 terre

177 1807 377 1872 solemniter
400 1809 452 1872 est
475 1806 616 1872 electus.
663 1804 728 1869 Oui
750 1825 810 1870 rex
833 1809 931 1889 pater
960 1825 1042 1869 suus
1066 1805 1172 1870 filiam
1196 1807 1293 1872 ducis

142 1895 333 1960 rsKalisie⁴
354 1915 495 1960 uxorem
525 1894 631 1970 dedit,
656 1914 723 1978 que
753 1897 834 1958 ante
863 1894 980 1959 iuerat
1009 1895 1045 1957 in
1074 1896 1292 1961 matrimonio

176 1985 266 2068 regis
289 1983 476 2062 Wenealai‚
501 2004 603 2067 quam
627 2003 741 2048 sorore
764 1983 854 2067 regis
876 1983 1128 2047 Romanorume
1158 1988 1293 2048 mortua

177 2075 323 2139 duxerat
356 2073 393 2137 in
427 2092 578 2137 uxorem.
625 2070 701 2150 Que
734 2072 858 2156 nupcie
894 2073 984 2136 cirea
1017 2073 1146 2136 festum
1181 2074 1385 2139 seneticam.

178 2160 271 2227 Galli
301 2161 499 2227 solemniter
522 2165 604 2226 sunt
633 2159 817 2226 celebrate.
863 2161 929 2224 His
956 2161 1104 2244 peractis
1126 2182 1186 2226 rex
1210 2162 1292 2227 Boe·

177 2251 280 2316 miam
304 2251 429 2328 exiens,
453 2255 580 2317 terram
605 2248 817 2315 Orientalem
840 2250 985 2313 intravit
1009 2253 1129 2314 contra
1148 2249 1293 2316 Frideri·

141 2360 252 2405 sucum
279 2340 445 2406 seniorem
470 2340 579 2404 filiurn
603 2339 789 2423 lantgravii
804 2337 1025 2422 Thuringiel.
1061 2339 1129 2404 Sed
1153 2343 1294 2424 propter

178 2429 325 2496 hiemem
348 2429 537 2494 instantem
566 2427 676 2494 nichil
704 2426 754 2492 ibi
778 2429 921 2512 dignum
945 2428 1026 2512 egit,
1051 2429 1111 2494 sed
1134 2430 1292 2495 recedere

178 2522 230 2584 est
253 2519 460 2603 compulsus.
508 2518 653 2583 Interim
683 2537 764 2602 erge
787 2517 1016 2582 Ysinacenses
1039 2517 1221 2582 Albertum
1246 2539 1292 2584 sc-

177 2607 308 2672 niorem
333 2607 564 2692 lantgravium
588 2607 668 2671 filiis
691 2607 761 2671 suis
785 2610 905 2671 contra
935 2625 992 2670 eos
1016 2607 1292 2672 consencientem

177 2697 214 2761 in
244 2699 356 2761 castro
379 2695 562 2761 Wartberc
591 2695 801 2760 obsederunt
831 2698 867 2760 et
890 2695 935 2760 ad
957 2715 1116 2778 magnam
1141 2696 1292 2781 inopiam

142 2807 168 2848 rs
177 2785 379 2850 victualium
403 2785 629 2850 deduxerunt.
666 2783 747 2848 Filii
770 2785 823 2848 sui
846 2784 900 2848 his
922 2783 1058 2860 auditis,
1084 2789 1294 2869 congregata

178 2874 271 2939 omni
294 2869 382 2957 qua(l
408 2876 570 2958 poterant
593 2876 803 2938 armatorum
826 2894 940 2951 manu,
965 2876 1087 2938 vocato
1118 2875 1225 2938 eciam
1255 2875 1293 2938 in

178 2962 344 3027 auxilium
360 2961 525 3028 Heinrico
549 2962 636 3028 duce
660 2962 703 3028 de
725 2961 911 3039 Brunswic‚
936 2962 1064 3026 sororio
1088 2963 1180 3040 suot
1206 2983 1292 3027 eom·

178 3054 365 3136 parataque
395 3052 506 3116 multa
539 3051 654 3116 farina
683 3053 719 3116 et
749 3051 826 3115 aliis
855 3051 1073 3126 victualibus,
1105 3051 1150 3115 ad
1179 3053 1291 3134 ipsum

178 3144 328 3206 castrum
362 3143 596 3226 perrexerunt.
642 3139 868 3205 Ysinacenses
905 3139 1062 3204 videntes
1100 3159 1136 3204 se
1174 3161 1291 3204 eorum

141 3251 168 3294 eo
177 3230 319 3293 virtuti⁰
336 3250 406 3294 non
421 3249 519 3314 posse
534 3231 694 3294 resistere
709 3229 802 3293 intra
814 3248 929 3292 muros
945 3248 1023 3293 suos
1041 3227 1186 3293 *inclusi
1200 3229 1293 3313 ipsos
1302 3247 1384 3297 usu.

177 3319 375 3383 tuebantur.
415 3319 476 3382 Illi
492 3338 574 3384 vero
597 3319 713 3382 omnia
735 3318 780 3382 ad
804 3321 954 3382 castrum
977 3317 1159 3390 duxeruut,
1184 3318 1292 3401 patris

178 3410 213 3474 et
229 3407 375 3472 aliorum
398 3409 457 3491 qui
480 3407 529 3472 ibi
553 3407 740 3472 manebant
762 3407 914 3491 inopiam
929 3406 1132 3472 relevantes.
1168 3406 1293 3471 Postea

178 3496 371 3562 Friderious
387 3497 479 3561 filius
499 3497 695 3582 lantgravii,
720 3495 834 3561 dictus
850 3495 1002 3560 marchio
1018 3495 1210 3566 Misneusis,
1231 3515 1293 3580 per

178 3585 406 3669 lantgravium
417 3585 437 3664 ⁷,
469 3587 566 3651 euius
596 3585 726 3651 filiam⁸
755 3584 907 3649 habebat
936 3584 973 3647 in
1003 3583 1232 3659 matrimonio,
1257 3589 1293 3649 et

141 3759 297 3809 walrsllqaa
309 3759 454 3802 tuomst.
508 3757 722 3811 blpardludlt.
776 3757 1065 3808 emmeramum.
1118 3755 1293 3805 dulcidum

177 3813 199 3861 s)
212 3813 295 3853 rima
310 3815 328 3857 1.
342 3813 370 3864 a,
384 3813 533 3858 carratam
547 3817 567 3864 1,
582 3817 601 3852 α
615 3815 647 3852 aa
662 3813 689 3857 ι’.

178 3955 204 4018 1)
225 3955 291 4007 Vide
312 3960 416 4008 cunam
434 3956 539 4008 alara·
561 3955 712 4022 camare·
735 3954 761 4007 d.
779 3953 805 4009 d.
825 3954 930 4006 Fuldcc
950 3954 1027 4009 1306.
1053 3953 1106 4008 Iul.
1126 3956 1151 4010 9.
1178 3955 1208 4005 ia
1229 3954 1291 4008 ‘SR

176 4025 327 4108 (1..thoe
341 4027 442 4082 Atat!
461 4029 539 4083 1854„
560 4042 590 4094 p.
609 4028 653 4092 56,
679 4042 723 4080 nr.
742 4028 785 4081 32.
836 4025 886 4110 d)
904 4023 1077 4110 &ridendum
1094 4031 1168 4078 wat:
1187 4025 1293 4093 nepotis

141 4097 540 4236 uffltlil’lsstfff't)
567 4095 1294 4234 tltettrt'tuttltt'tfittt

178 4239 301 4304 Maioris,
324 4245 413 4308 postca
438 4241 516 4308 regie.
599 4243 626 4306 ὑ)
651 4239 693 4304 Of.
721 4239 835 4292 ouoar.
861 4255 884 4290 v.
903 4240 989 4294 9007?
1009 4253 1074 4305 sup„
1101 4239 1143 4294 Ἰ).
1164 4239 1238 4293 Cirr!
1263 4237 1293 4304 V,

174 4327 203 4378 p.
224 4313 308 4378 11723
337 4310 431 4364 Habes·
454 4313 485 4363 ιἰι
505 4309 604 4367 ‘Muta
628 4310 654 4365 d.
674 4310 782 4375 laem.
804 4307 915 4362 Occurr.
936 4307 1036 4363 Gcach!
1060 4310 1110 4379 VI,
1136 4327 1165 4378 p.
1184 4313 1238 4366 400
1255 4325 1294 4378 eq.

178 4382 206 4449 6)
222 4381 369 4434 Hannone
387 4382 409 4436 I.
428 4385 552 4448 Aornum
572 4397 689 4435 sororm
708 4397 798 4434 mum
815 4395 927 4433 unwan
945 4381 1068 4437 duanae.
1159 4381 1186 4450 7)
1205 4381 1295 4434 Elisa·

178 4451 235 4506 but
253 4453 284 4505 de
302 4453 480 4519 Amhaupls,
498 4469 610 4506 umorem
627 4453 738 4507 alberte
810 4453 838 4518 8)
855 4449 1002 4507 nlmtut.
