3188 4990
266 481 321 536 aad
409 475 576 532 unomen
587 476 615 533 S.
625 474 743 531 PETRI
754 475 1015 532 ERFORDENSIS
1027 477 1117 534 MOD.
1136 477 1171 533 A.
1183 481 1260 535 1274.

181 661 409 726 1274.tiferum
425 680 594 725 venenum
617 659 838 744 propinatum
853 663 916 738 est,
941 659 983 725 de
1007 682 1074 744 quo
1098 664 1169 726 tam
1192 661 1264 746 ipse
1281 682 1383 744 quam

268 750 337 826 alii,
368 750 427 833 qui
455 769 570 814 secum
603 748 843 833 epulabantur,
874 750 1126 815 commedentes
1156 752 1385 815 communiter

267 839 481 914 intoxicati⁸,
506 839 625 902 eodem
641 838 696 902 die
712 838 839 900 mortui
861 858 979 903 omnes
1003 840 1114 903 carnis
1137 838 1292 904 debitum
1312 861 1383 923 per·

165 927 451 992 amsolverunr.
492 925 591 1006 Quod
615 927 758 990 audiens
781 947 871 1010 papa
894 925 1080 1010 Gregorius
1105 921 1291 993 ‘decimush
1308 929 1383 992 mis·

266 1036 320 1080 sas
343 1016 405 1080 de⁰
433 1015 608 1080 defunctis
630 1035 692 1099 pro
708 1014 887 1079 animabus
910 1035 1028 1080 eorum
1043 1017 1208 1100 Lugduni
1227 1017 1407 1082 solemni-s

265 1097 338 1170 terb
366 1104 564 1169 celebravit.

372 1188 523 1258 aodemd
549 1213 640 1256 anno
664 1191 849 1276 Gregorius
872 1213 963 1276 papa
985 1193 1138 1257 decimus
1161 1194 1299 1277 scripsit
1316 1194 1382 1257 Ru·

266 1282 395 1366 dolpho
417 1281 491 1366 regi
514 1281 659 1346 salutem
691 1281 900 1346 etcetera1:
934 1280 1023 1346 Sicut
1044 1280 1163 1362 petisti,
1188 1282 1383 1363 prepositum

269 1367 444 1451 O[tt0nem]
461 1368 573 1434 Sancti
592 1368 768 1448 Gnidonis,
792 1369 1019 1434 cancellariam
1034 1376 1121 1433 tanm
1139 1376 1168 1434 et
1182 1370 1380 1445 numnam,

266 1479 371 1523 coram
393 1458 552 1537 fratribus
574 1457 692 1522 nostris
707 1456 896 1522 audivimas.
935 1457 1106 1539 Proposnit
1127 1457 1211 1524 enim
1233 1479 1272 1523 ea
1290 1465 1419 1540 partem

266 1552 322 1611 tna
351 1567 457 1610 coram
486 1545 584 1626 nobis,
615 1547 698 1627 qaod
719 1547 763 1610 act
784 1545 850 1610 Dei
872 1545 1020 1610 honneni
1043 1553 1072 1610 et
1093 1546 1217 1612 ecclesie
1239 1547 1383 1613 Romane

265 1634 338 1699 tatis
371 1633 532 1700 conatibus
565 1634 705 1699 intendis
738 1634 882 1700 secanae
916 1641 945 1699 et
973 1635 1198 1701 eccbsiasticas
1227 1657 1383 1717 pnsonas

265 1723 386 1788 aranas
409 1723 649 1788 continaasionc
671 1724 784 1805 focae,
815 1723 895 1804 nnsis
920 1723 956 1788 in
978 1723 1046 1787 suis
1068 1723 1312 1789 inmanitatibus
1334 1747 1382 1790 as·

265 1811 384 1893 sistere,
407 1811 538 1877 illoram
553 1811 695 1876 iniurias
707 1811 906 1894 propulsare,
930 1811 1006 1876 inra
1023 1812 1222 1893 precicibus
1237 1835 1381 1895 ananien-

265 1907 342 1981 tare,
373 1902 417 1966 ud
444 1899 654 1966 universatem
683 1894 789 1966 orbisr
809 1921 922 1982 pucern
951 1901 1097 1966 laborare
1119 1901 1223 1966 stadio
1245 1902 1418 1984 efficacia

269 1990 366 2054 Terre
389 1990 504 2056 Sancte
527 1995 639 2071 partes
660 1989 792 2054 uisitare
814 1996 844 2054 et
871 1989 909 2071 ei,
933 1996 968 2054 nt
989 1989 1058 2054 eins
1077 1990 1182 2071 poscit
1203 1991 1380 2072 necessitas,

265 2078 438 2143 subuenire.
477 2079 614 2160 Ideoque
635 2077 912 2161 maaniftcenciam
934 2084 1021 2142 taam
1042 2099 1210 2160 menna,
1234 2100 1382 2162 racanas

265 2173 294 2231 et
320 2167 485 2232 hortamur
512 2167 549 2232 in
571 2166 720 2248 Domino,
750 2173 793 2248 nt,
821 2187 880 2248 qne
909 2167 1003 2250 offers
1032 2167 1068 2232 in
1096 2169 1261 2232 verborum
1283 2169 1381 2233 didce-

265 2254 347 2336 dine,
371 2255 408 2319 in
433 2255 537 2338 onais
563 2255 761 2338 gratitudine
784 2255 999 2337 prosequaris,
1023 2255 1093 2320 Deo
1113 2262 1242 2338 aratam
1265 2264 1292 2321 te
1313 2259 1380 2336 red·

265 2343 324 2408 das
353 2350 381 2408 et
410 2344 440 2408 ei
467 2344 598 2425 aranas
627 2365 707 2426 agras
736 2365 774 2409 uc
802 2343 959 2410 instanter
988 2346 1026 2408 de
1054 2344 1106 2408 bis
1134 2365 1194 2426 qne
1216 2345 1416 2426 concna'stiao

265 2433 370 2496 denno
401 2432 508 2496 animo
534 2433 700 2515 persistas,
733 2439 768 2497 nt
799 2433 844 2498 sia
875 2432 965 2497 Dens
996 2432 1118 2516 dirigat
1146 2454 1272 2515 gressus
1301 2441 1378 2498 taos.

264 2519 386 2585 Datum
408 2521 570 2603 Lnydnni.

371 2609 448 2675 Hoc
478 2629 568 2674 anno
597 2609 782 2694 Gregorius
812 2632 903 2694 pape
924 2611 968 2674 X.
997 2611 1168 2676 indictum
1198 2612 1380 2677 concilium
1426 2653 1442 2684 ι

150 2690 255 2794 (ffij
265 2699 425 2782 generale
455 2701 548 2783 cepit
577 2699 750 2765 celebrare
780 2699 943 2783 Lugduni
971 2701 1009 2764 in
1036 2701 1127 2765 festo
1157 2701 1312 2786 Philippi
1346 2705 1381 2766 et

265 2786 394 2864 Iacobi,
417 2788 479 2852 ubi
501 2789 538 2852 in
561 2788 707 2853 concilio
730 2789 803 2873 ipse
819 2809 909 2873 papa
924 2789 1076 2853 narravit
1091 2791 1262 2854 somnium
1282 2811 1378 2854 suum
1399 2808 1425 2848 a

265 2876 419 2941 dicens²:
457 2875 613 2956 ‘Quando
642 2877 802 2961 navigavi
836 2897 939 2961 super
970 2898 1073 2955 mare,
1109 2881 1167 2942 ets
1199 2878 1381 2944 videbatur

265 2965 380 3042 michi,
411 2966 501 3048 quod
536 2986 653 3031 omnes
686 2967 887 3032 deberemus
917 2966 1100 3049 submergi,
1131 2967 1192 3031 sed
1225 2967 1381 3031 Christus

265 3053 426 3138 apparuit
449 3054 555 3120 michi
578 3059 615 3120 et
637 3077 741 3119 manu
764 3075 818 3120 me
841 3047 1124 3140 apprehendensh
1151 3056 1254 3119 dixit:
1281 3055 1380 3120 “Gre-

264 3143 348 3226 gom,
379 3143 469 3220 nolo,
503 3138 611 3227 quod¹
641 3143 880 3227 submergaris,
912 3144 1001 3222 v010,
1034 3143 1125 3226 quod
1155 3145 1258 3219 vivas,
1291 3145 1380 3220 volo,

265 3232 355 3315 quod
380 3233 441 3296 fias
463 3253 563 3317 papa,
588 3235 624 3297 et
654 3233 745 3316 quod
769 3232 913 3298 ecclesia
935 3235 1054 3316 perte
1076 3227 1280 3317 recuperatk
1305 3233 1417 3298 Ter-so

264 3342 336 3384 ram
354 3321 516 3386 Sanctam
539 3325 643 3404 atque
667 3320 816 3386 Grecos'.
851 3319 1054 3404 Hucusque
1078 3320 1163 3387 visio
1186 3343 1285 3406 pape.
1325 3322 1382 3385 Ita

265 3431 390 3474 nomen
407 3430 494 3494 pape
517 3413 554 3474 et
568 3410 722 3474 officium
741 3410 865 3494 papale
888 3409 953 3474 sibi
976 3410 1046 3472 fuit
1064 3409 1264 3488 revelatum,
1289 3415 1380 3475 ante·

135 3516 365 3581 (nationum
390 3499 577 3582 eligeretur
598 3499 636 3562 in
654 3519 788 3583 papam.
885 3498 929 3561 In
952 3500 1018 3562 hoc
1037 3498 1184 3563 concilio
1204 3519 1294 3583 papa
1316 3503 1380 3564 sta·

263 3587 342 3664 tuit,
367 3588 459 3670 quod
478 3608 539 3672 per
554 3587 604 3651 VI
620 3609 728 3652 annos
744 3587 868 3652 debeat
884 3587 959 3650 dari
974 3586 1107 3652 decima
1127 3587 1326 3652 reddituum
1345 3591 1381 3652 et

264 3679 493 3760 proventuum
515 3677 553 3740 in
575 3676 766 3741 subsidium
789 3676 891 3740 Terre
911 3675 1037 3740 Sancte
1060 3674 1103 3739 ab
1128 3675 1286 3740 omnibus
1309 3697 1416 3761 pre-ss

262 3885 284 3929 a)
298 3887 349 3921 sunt
363 3884 414 3924 add.
427 3883 454 3926 Ε.
522 3884 544 3931 b)
558 3895 599 3926 om.
614 3884 640 3926 Ε.
703 3883 724 3934 c)
738 3894 786 3932 pro
800 3883 827 3922 Ε.
841 3883 873 3930 3,·
894 3895 936 3923 om.
952 3883 1028 3923 LIII.
1089 3879 1112 3932 d)
1125 3885 1234 3932 aquatio
1247 3887 1285 3931 (—
1294 3895 1319 3932 p.
1333 3884 1380 3934 ibt,

263 3935 277 3977 1.
291 3935 328 3982 Ξῖ)
343 3947 384 3978 cm.
398 3937 423 3978 s.
482 3935 503 3987 a)
517 3937 548 3975 stc
561 3937 594 3986 R,-
608 3947 651 3980 ora.
665 3939 683 3981 1.
737 3937 799 3984 oete
812 3937 847 3984 B,-
861 3936 920 3976 urhu
934 3938 953 3978 1.
1001 3937 1023 3986 g)
1037 3937 1068 3976 stc
1082 3939 1093 3976 1
1107 3940 1126 3976 et
1140 3937 1168 3986 B,
1182 3937 1219 3976 aad
1232 3941 1255 3977 et
1268 3938 1379 3977 &mum

263 3988 353 4030 madar.
407 3989 590 4039 manutenendis
604 3991 678 4030 dicens
692 3990 720 4030 Β.
775 3990 791 4038 t)
805 3993 830 4029 ut
843 3989 869 4032 B.
922 3989 947 4040 k)
960 3991 991 4029 aa
1005 3992 1026 4030 1.
1040 3991 1067 4032 Β.

263 4166 289 4231 1)
308 4165 439 4230 Pleraque
463 4165 542 4218 anda
566 4165 648 4218 baius
673 4166 795 4234 epistotae
816 4167 972 4219 wnoeniant
995 4183 1055 4218 nam
1073 4167 1156 4219 multo
1174 4167 1291 4232 naam-a
1309 4166 1379 4218 atita

262 4250 279 4286 a
298 4235 421 4300 Bd'bmer,
442 4237 509 4288 Acta
526 4238 590 4304 terp.
609 4237 649 4298 II,
672 4255 701 4304 p.
715 4239 768 4293 694
779 4253 827 4304 aa,
845 4253 888 4290 nr.
903 4239 971 4301 9923
996 4238 1116 4289 Pottbust
1140 4254 1182 4292 nr.
1201 4239 1297 4292 20857.
1335 4237 1415 4301 Orfito

263 4307 295 4360 G.
314 4324 336 4360 a.
355 4307 382 4358 d.
400 4307 491 4375 Ropp,
512 4307 602 4363 ‘Brzd
628 4308 737 4361 Werrser
760 4325 783 4362 a.
802 4307 911 4360 Mairse’
928 4326 955 4376 p.
975 4311 1010 4363 95
1027 4325 1079 4375 sa,
1104 4324 1132 4361 n.
1150 4311 1176 4373 3,
1201 4309 1233 4359 de
1257 4313 1378 4374 ampore,

260 4392 312 4444 quo
329 4377 392 4430 baec
409 4377 521 4446 opattam
538 4381 640 4446 scripta
657 4382 701 4432 stt.
757 4381 785 4445 2)
802 4379 899 4431 Pm'ma
915 4381 996 4432 sessio
1014 4379 1142 4432 oebbrata
1160 4385 1197 4432 ast
1215 4378 1257 4430 dia
1269 4377 1378 4446 Mareu

261 4447 355 4500 Brevis
371 4455 443 4515 nota,
461 4447 556 4514 Labda,
576 4449 650 4503 Coae.
670 4449 723 4516 XI,
738 4451 761 4516 1,
779 4466 800 4504 c.
814 4451 883 4517 9553
910 4451 1010 4517 Mann,
1031 4450 1106 4504 con.
1126 4449 1234 4515 XXIV,
1252 4467 1280 4518 p.
1294 4451 1328 4505 61
1341 4467 1378 4518 sq.
