3136 4990
300 479 333 532 10
387 474 567 530 ANNALSS
586 475 614 531 S.
628 474 744 530 PETRI
763 475 1136 531 anrflasroarsnsas
1155 473 1326 545 ANTIQUI.

181 639 328 740 ,Lffi'ssqin
353 657 442 706 artum
468 652 602 706 conclusis
626 654 708 705 rebus
733 669 788 706 non
812 653 925 722 patebat
951 653 1097 722 effugium,
1122 671 1181 706 rem
1207 652 1320 706 consilio
1346 652 1419 721 ragis

300 723 436 792 permisit,
463 727 610 791 quatenus,
636 727 719 792 prout
743 723 800 792 ipse
826 725 929 777 bonum
955 728 983 777 et
1008 742 1108 793 equum
1134 723 1282 790 iudicaret,
1309 741 1419 776 causam

300 796 372 848 inter
389 812 418 848 se
437 799 465 848 et
483 795 717 862 archiepiscopum
737 795 905 850 terminaret.
936 795 990 847 Diu
1009 795 1094 864 igitur
1111 794 1207 848 habita
1219 794 1420 848 deliberatione

300 866 328 918 in
353 865 424 918 hauc
442 865 553 918 tandem
579 865 735 933 pactionem
761 865 900 919 mediante
925 875 1012 934 regea
1036 865 1120 919 abbas
1145 870 1173 919 et
1199 865 1420 933 archiepiscopus

301 941 502 1002 consenserunt,
522 940 552 988 ut
571 935 656 988 abbas
675 937 702 989 in
722 936 816 989 decem
836 935 890 988 suis
906 935 1085 990 decimalibus
1098 937 1235 990 aecclesiis
1248 936 1314 989 duas
1327 941 1443 1004 partesu

301 1006 484 1072 decimarum,
511 1007 625 1060 terciam
653 1006 873 1075 archiepiscopus
901 1008 1052 1075 acciperet,
1080 1008 1108 1060 in
1134 1007 1245 1075 reliquis
1270 1023 1335 1060 vero
1362 1007 1420 1060 aius

301 1077 438 1131 aecclesiis
456 1077 571 1130 dimidia
589 1077 692 1146 abbati,
711 1077 826 1130 dimidia
844 1077 1048 1147 archiepiscopo
1068 1075 1260 1148 contingereb3
1286 1078 1334 1130 ubi
1353 1094 1419 1130 vero

301 1148 433 1202 aecclesia
458 1148 598 1202 decimalis
622 1149 736 1216 propria
761 1148 958 1216 archiepiscopi
984 1153 1067 1215 esset,
1095 1153 1154 1201 tota
1179 1149 1235 1201 illic
1261 1148 1287 1201 ei
1312 1148 1420 1201 decima

301 1220 425 1288 cederet;
448 1223 574 1287 preterea
593 1223 623 1272 ut
646 1235 739 1272 omnes
763 1219 940 1272 dominicales
964 1219 1161 1288 archiepiscopi
1186 1223 1284 1286 curtes,
1306 1219 1334 1271 in
1354 1237 1419 1287 qua·

301 1307 417 1358 cumque
448 1294 536 1344 essent
566 1290 726 1358 parrochia,
763 1291 797 1342 ab
828 1290 903 1342 omni
933 1291 1042 1358 penitus
1072 1290 1241 1343 decimarum
1275 1290 1457 1344 exactionem

301 1362 435 1414 immunes
460 1365 609 1414 manerent.
652 1360 711 1414 Sub
737 1361 831 1429 iugum
861 1361 942 1413 misso
971 1361 1070 1414 abbate
1096 1361 1294 1426 Herveldensi,
1327 1361 1418 1412 statim

301 1430 435 1500 Thuringi
455 1432 530 1483 omni
548 1449 595 1498 spe
614 1431 750 1499 adempta,
770 1449 802 1484 eo
822 1431 895 1499 quod
914 1431 941 1484 in
962 1432 1035 1484 illins
1053 1431 1200 1500 prudentia
1219 1436 1247 1484 et
1262 1431 1420 1499 eloquentia

301 1502 449 1570 plurimum
468 1501 585 1556 fiduciae
604 1501 655 1554 sibi
675 1501 833 1571 posuissent,
859 1519 914 1554 non
938 1503 1011 1554 ultra
1035 1503 1201 1570 restiterunt,
1228 1502 1274 1555 sed
1300 1503 1420 1554 decimas

302 1574 329 1625 in
348 1573 483 1640 reliquum
503 1574 605 1640 absque
623 1573 818 1626 retractatione
837 1573 903 1625 dare
921 1572 1036 1641 professi
1055 1579 1124 1628 sunt.
1168 1571 1311 1626 Fuldensis
1335 1573 1420 1625 abbas

302 1643 447 1711 aliquantis
468 1649 563 1710 postea
588 1642 684 1696 diebus
709 1643 861 1696 obstinatus
887 1642 912 1695 in
939 1643 1080 1712 proposito
1106 1643 1232 1712 perstitit.
1275 1643 1331 1697 Sed
1356 1661 1420 1696 cum
1433 1660 1458 1699 15

301 1731 352 1767 nec
370 1714 441 1783 regis
460 1715 577 1784 gratiam
595 1714 718 1782 recipere
740 1731 791 1767 nec
815 1715 850 1766 ad
876 1731 924 1766 sua
948 1714 1082 1767 redeundi
1107 1715 1245 1768 licentiam
1272 1714 1421 1782 impetrare

301 1789 399 1853 posset,
418 1785 471 1836 nisi
494 1785 522 1836 in
546 1801 718 1838 communem
738 1785 901 1838 sententiam
920 1786 1091 1854 concederet,
1111 1785 1223 1838 tandem
1242 1802 1333 1838 rerum
1348 1784 1420 1837 disfi-

302 1857 404 1908 cultate
423 1860 564 1922 superatus
583 1856 618 1907 ad
636 1856 707 1908 hanc
726 1855 921 1924 conditionem,
939 1860 1064 1909 nontam
1082 1857 1195 1910 consilio
1209 1873 1290 1923 quern
1303 1855 1420 1924 imperio

302 1930 330 1979 et
354 1931 430 1978 metu
455 1927 527 1996 regis
550 1931 661 1979 coactus
685 1931 733 1993 est,
759 1930 790 1978 ut
816 1927 842 1979 in
869 1927 974 1980 cunctis
1000 1926 1179 1981 decimalibus
1204 1927 1341 1980 aecclesiis
1366 1927 1422 1979 suis

301 2003 408 2065 partem
428 1997 569 2050 dimidiam
589 1998 756 2051 decimarum
777 1997 842 2065 ipse,
864 1997 1007 2050 dimidiam
1030 1998 1248 2066 archiepiscopus
1274 1999 1458 2065 acciperetso

302 2068 480 2121 dominicales
507 2073 598 2121 autem
625 2073 714 2121 curtes
739 2085 800 2120 suas
825 2068 895 2120 sicut
920 2067 1140 2137 archiepiscopus
1165 2085 1259 2121 omnes
1284 2069 1319 2120 ab
1344 2068 1421 2120 omui

302 2139 470 2192 decimarum
489 2139 643 2193 redditione
662 2139 762 2191 liberas
787 2139 909 2193 haberet.
947 2138 1018 2192 Tum
1044 2157 1101 2207 rex,
1127 2141 1214 2192 sciens
1238 2139 1325 2192 haut⁰
1349 2139 1420 2192 bene

302 2211 438 2276 placitura
462 2209 589 2264 Romano
614 2208 738 2277 pontifici
765 2226 835 2277 quae
862 2214 939 2278 gesta
967 2209 1090 2277 fuerant,
1118 2211 1169 2262 sub
1197 2210 1421 2262 interminatione

302 2281 408 2349 gratiam
426 2297 490 2334 suae
510 2280 617 2348 utrique
637 2280 732 2332 abbati
749 2280 881 2349 precepit,
901 2285 932 2332 ut
951 2297 1040 2348 neque
1058 2297 1108 2348 per
1126 2299 1154 2333 se
1173 2280 1245 2348 ipsos
1263 2297 1352 2348 nequa
1371 2297 1422 2348 per

302 2352 433 2404 nuncium
452 2367 540 2419 neque
560 2351 613 2402 alio
632 2350 829 2418 quovismodo
848 2368 898 2419 pro
918 2351 1101 2404 insimulanda
1120 2351 1222 2419 synodo
1242 2351 1458 2419 apostolicarum

302 2422 394 2475 sedem
414 2422 629 2489 interpellarent.

182 2513 293 2562 marae.
411 2499 566 2552 *Milites
584 2499 682 2569 regis
701 2501 747 2568 qui
765 2501 792 2553 in
810 2502 927 2554 castellis
945 2501 1196 2570 supramemoratis
1210 2501 1515 2570 erantgraviterase.

303 2571 384 2624 nimis
409 2571 591 2624 imminebant
615 2572 717 2638 populo
744 2571 880 2626 Saxoniae
906 2576 934 2625 et
952 2572 1130 2642 Thuringiae.
1174 2571 1273 2626 Onmie
1298 2590 1367 2640 quae
1392 2573 1422 2624 in

304 2641 375 2695 villis
400 2647 428 2695 et
454 2641 526 2711 agris
552 2649 630 2694 erant
654 2641 682 2694 in
708 2642 766 2695 dies
790 2643 934 2711 eruptione
960 2643 1033 2696 iacta
1059 2643 1238 2711 diripiebant,
1264 2642 1369 2696 tributa
1395 2648 1423 2696 et

303 2712 451 2782 vectigalia
468 2713 597 2764 silvarum
617 2716 645 2766 et
664 2729 823 2781 camporum
842 2713 1029 2782 importabilia
1047 2713 1196 2783 exigebant
1214 2718 1243 2767 et
1256 2715 1459 2837 plerumqueao

304 2784 354 2836 sub
381 2787 509 2851 pretextu
533 2783 700 2836 decimarum
728 2789 801 2837 totos
828 2785 908 2837 simul
932 2801 1030 2854 greges
1055 2785 1213 2854 abigebant.
1272 2801 1334 2853 psos
1359 2801 1421 2852 pro-

305 2854 434 2908 vinciales
462 2858 490 2907 et
515 2855 660 2922 plerosque
688 2871 722 2908 ex
750 2855 791 2907 his
819 2854 932 2908 honesto
963 2853 1046 2908 locod
1072 2860 1151 2908 natos
1181 2859 1208 2909 et
1233 2873 1262 2909 re
1293 2855 1421 2908 familiari

303 2925 508 2979 florentissimos
526 2925 622 2977 vilium
640 2925 840 2994 mancipiorum
860 2927 915 2978 ritu
938 2925 1058 2980 servires
1082 2927 1134 2978 sibi
1156 2926 1300 2996 cogebant.
1338 2925 1423 2979 Filias

304 3013 398 3048 eorum
412 3000 440 3048 et
452 3013 551 3048 uxores
569 2997 684 3049 consciis
702 3001 730 3050 et
748 2999 818 3064 pene
837 2996 1031 3065 aspicientibus
1049 2996 1154 3050 maritis
1166 2997 1315 3050 violabant.
1347 2996 1422 3050 Non·

303 3065 412 3120 nullasf
438 3067 521 3120 etiam
549 3067 576 3119 vi
602 3068 630 3119 in
656 3068 767 3120 castella
794 3085 843 3120 sua
869 3072 961 3136 raptas
990 3072 1029 3132 et,
1055 3073 1157 3135 quanto
1185 3072 1309 3136 tempore
1336 3067 1423 3120 libido
1433 3084 1459 3124 ss

304 3137 493 3207 suggessisset,
522 3137 735 3205 impudicissime
760 3137 867 3192 habitas
895 3138 929 3191 ad
957 3137 1085 3191 ultimum
1115 3139 1220 3192 maritis
1251 3155 1312 3192 cum
1343 3139 1422 3207 igno·

304 3209 445 3262 miniosa&
467 3208 679 3276 exprobratione
698 3208 883 3264 remittebant.

410 3287 485 3342 Rex
513 3305 589 3341 cum
616 3291 823 3342 moraretur
850 3287 1060 3356 Goslariae,
1091 3287 1253 3343 Saxones
1283 3287 1318 3341 ad
1347 3306 1423 3341 arma

182 3376 240 3422 ιιρ.
250 3375 294 3416 iss.
304 3360 513 3426 conclamant,
526 3358 624 3411 armati
637 3359 817 3426 instructique
827 3359 979 3412 Goslariam
994 3359 1172 3428 contendunt,
1186 3359 1278 3428 ibique
1290 3359 1423 3412 mediocri

305 3448 320 3482 a
348 3430 414 3482 villa
441 3429 587 3482 intervallo
615 3434 704 3482 castra
731 3431 838 3498 locant;
867 3429 1013 3498 statimque
1041 3429 1154 3484 efferato
1183 3430 1274 3484 animo
1303 3431 1331 3482 in
1360 3447 1461 3486 eumao

304 3500 445 3553 irruissent
467 3504 496 3553 et
518 3499 560 3552 ius
578 3517 656 3552 suum
680 3517 735 3553 non
754 3499 808 3552 iam
834 3500 977 3554 rethoricis
1001 3501 1219 3570 allegationibus,
1244 3501 1292 3554 sad
1317 3501 1424 3554 bellicis

305 3571 454 3623 terroribus
467 3571 690 3639 expostulassent,
703 3571 754 3623 nisi
768 3570 860 3624 Bucco
874 3571 1130 3625 Halberstatensish
1147 3572 1289 3640 episcopus
1302 3576 1330 3624 et
1342 3572 1423 3640 pauci

305 3641 453 3693 admodum
478 3641 525 3709 qui
544 3659 639 3694 sanum
666 3641 768 3710 aliquid
787 3642 929 3710 sapiebant
952 3643 1085 3710 impetum
1109 3643 1301 3696 tumultuantis
1325 3643 1423 3696 turbae

304 3711 407 3764 salubri
425 3711 614 3765 moderatione
636 3712 824 3767 inhibuissent.
862 3711 924 3766 Rex
943 3719 1056 3782 accepto
1082 3713 1182 3766 nuncio
1206 3713 1289 3766 vicini
1315 3713 1423 3782 iamque

305 3781 429 3834 instantis
452 3781 568 3850 periculi
591 3783 713 3852 graviter
735 3789 828 3836 mente
851 3787 1038 3837 consternatus
1063 3800 1181 3852 propere
1206 3784 1234 3837 in
1252 3783 1461 3840 Hartesburcas

305 3870 332 3904 se
356 3853 473 3905 contulit
495 3869 582 3920 eoque
601 3871 692 3907 secum
704 3855 784 3924 regni
796 3854 914 3923 insignia
927 3859 955 3908 et
967 3855 1155 3909 thesaurorum
1169 3871 1281 3908 suornm
1293 3860 1424 3922 quantam

183 3941 295 3990 sapies.
304 3923 332 3975 in
352 3940 385 3976 ea
403 3923 587 3990 trepidatione
606 3925 697 3992 potuit
721 3931 828 3992 partem
854 3925 990 3980 convexit.
1034 3925 1196 3980 Saxones
1221 3942 1304 3980 varo
1330 3943 1425 3978 omnes

305 3995 370 4059 urias,
389 4009 439 4061 per
458 4009 524 4061 quas
542 3993 686 4047 descensus
705 4013 760 4049 esse
780 3999 887 4064 poterat
907 3997 941 4050 de
963 3997 1083 4066 castello,
1111 3995 1241 4050 adhibitis
1266 3995 1425 4049 custodibus

305 4063 444 4117 observari
463 4067 623 4133 statnemnt,
643 4083 749 4118 summa
767 4083 819 4134 ope
838 4066 867 4118 id
891 4067 1094 4135 precavendum
1120 4067 1285 4134 eatirnantes,
1310 4084 1346 4120 ne
1371 4084 1425 4135 qua

305 4135 330 4188 ei
350 4135 430 4203 copia
447 4133 526 4188 fieret
545 4133 696 4204 effugiendi
714 4140 742 4189 et
765 4137 792 4189 in
817 4137 883 4190 alias
901 4138 980 4207 regni
999 4141 1089 4206 partes
1108 4139 1212 4191 bellum
1234 4137 1423 4193 transferendi.
1434 4155 1461 4194 so

305 4349 326 4396 a)
341 4349 364 4385 la
378 4349 423 4387 loco
439 4359 497 4389 raso.
566 4345 588 4396 b)
602 4348 633 4386 εἰσ
646 4358 665 4387 c.
728 4347 749 4397 c)
759 4353 811 4397 post
826 4348 881 4389 heiu
895 4361 937 4388 vox
951 4360 1022 4392 crasa.
1085 4349 1108 4400 d)
1122 4350 1189 4400 locos,
1204 4361 1214 4390 s
1229 4361 1301 4390 waso.
1366 4349 1387 4400 e)
1402 4351 1424 4390 ta

306 4411 378 4449 maro.
389 4402 460 4450 ampl.
523 4401 541 4448 s)
557 4401 630 4440 Noun.
645 4423 671 4430 -
685 4401 772 4441 marltls
786 4412 836 4440 cnm
851 4403 873 4439 s'n
888 4403 934 4443 loeo
948 4415 1005 4447 roso.
1073 4403 1097 4454 g)
1111 4405 1155 4452 ign.
1170 4414 1233 4452 expr.
1249 4415 1302 4446 ram.
1317 4404 1340 4442 ln
1354 4415 1426 4452 mara.

304 4455 375 4503 suppl.
430 4453 453 4505 a)
468 4445 550 4493 nnnc
567 4465 584 4496 e.
