3188 4990
336 448 503 504 ORONIOA
515 447 542 506 S.
551 448 668 505 PETRI
679 449 941 506 ERFORDENSIS
952 451 1042 508 MOD.
1061 452 1096 508 A.
1107 456 1183 510 1323.
1274 455 1326 509 353

365 631 444 682 Coun.
463 630 490 683 S.
504 629 586 684 Pari.

208 727 308 806 terga
322 725 498 788 vertentes
520 722 641 806 fugam
662 723 740 785 arri·

209 813 311 896 piunt
327 813 497 894 huncque,
520 811 579 894 qui
603 830 661 876 eos
685 812 740 876 ad·

209 903 364 976 duxerat,
394 900 511 964 *armis
541 899 741 964 miserabili-

184 990 290 1054 sliter
304 989 515 1054 occiderunt.
545 988 684 1053 Interea
699 1009 741 1053 ex

208 1079 319 1144 altera
335 1081 433 1162 parte
448 1077 600 1142 fluminis
616 1077 740 1160 Lupol-
765 1055 768 1182 Ι

208 1169 273 1230 dus
289 1168 358 1231 dux
373 1167 525 1243 Austrie‚
545 1166 655 1231 frater
670 1167 740 1230 Ebi-

208 1256 315 1321 derici
349 1255 447 1320 ducis
481 1255 636 1339 predicti,
674 1255 740 1320 col·

208 1345 321 1410 lecto*
355 1365 479 1428 magno
515 1345 668 1409 exercitu
702 1345 740 1408 in

171 1459 198 1496 ro
208 1434 375 1498 auxilium
399 1433 517 1498 fratris
540 1433 737 1512 advenerat,

208 1525 269 1588 sed
297 1523 511 1606 interceptus
539 1543 559 1585 a
585 1523 737 1601 flumine,

208 1633 286 1676 cum
319 1611 421 1676 fratri
455 1611 637 1676 subvenire
669 1631 739 1675 non

208 1704 323 1785 posset
368 1720 514 1783 eumque
559 1720 621 1764 suo
660 1721 736 1764 cum

208 1790 360 1854 exercitu
394 1788 553 1854 hostibus
587 1809 737 1853 succum·

171 1902 197 1940 a
207 1879 288 1944 bere
316 1881 470 1943 cerneret
480 1878 501 1955 ¹,
530 1878 661 1943 exitum
688 1879 738 1942 rei

207 1967 401 2050 lugubriter
424 1967 639 2050 expectabat.
680 1967 738 2030 Ni·

206 2058 275 2121 mio
314 2057 406 2121 eninr
437 2056 554 2121 dolore
589 2056 738 2140 compul-

207 2166 264 2210 sus
279 2149 381 2209 tanta
396 2144 551 2209 amencia
566 2137 736 2228 capiturb,

206 2239 255 2310 ut,
280 2235 347 2298 nisi
370 2255 391 2297 a
411 2234 481 2298 suis
497 2233 738 2317 prohiberetur

169 2323 384 2400 romilitibus,
407 2323 451 2386 ad
466 2342 503 2387 se
518 2321 612 2386 ultro
634 2323 737 2388 inter·

205 2413 390 2477 ficiendum
405 2412 538 2475 nudato
557 2411 674 2494 gladio
689 2412 737 2474 in-

206 2501 318 2565 sanire
348 2521 410 2565 suo
440 2500 579 2564 admoto
601 2500 738 2584 gutturi

204 2591 391 2655 videretur.
415 2589 540 2672 Itaque
553 2592 655 2672 capto
667 2589 737 2652 Fri·

1043 633 1077 687 Ε.

1335 731 1412 785 1322.

1335 925 1416 972 mm

862 2600 946 2654 Nam
971 2605 1052 2670 capto
1074 2600 1223 2655 Frederico
1251 2601 1321 2655 duce

206 2679 321 2743 derico
356 2678 442 2742 duce
472 2697 533 2762 per
565 2678 737 2761 quendam
792 2671 943 2726 Austris
979 2690 995 2725 α
1025 2671 1165 2740 quodam
1202 2673 1320 2727 nobili

168 2766 443 2831 scFranckonem
472 2767 611 2831 nomine
635 2766 736 2831 Eber-

205 2856 352 2920 hardum
382 2856 424 2920 de
448 2855 638 2920 Masbach²
663 2876 736 2940 pre-

203 2947 407 3028 sentatoque
442 2943 551 3009 nobili
584 2944 658 3008 viro
693 2944 736 3008 de

789 2743 960 2810 Franckone,
978 2745 1090 2798 nomine
1107 2742 1317 2798 Eberhardusd

790 2813 825 2868 de
860 2813 1004 2883 Msspach,
1041 2818 1076 2869 et
1110 2819 1322 2883 presentatoque

790 2892 996 2975 burggravio
1027 2903 1062 2958 de
1092 2895 1255 2972 Ndrnburg,
1287 2902 1321 2956 ab

790 2973 942 3044 eodemque
959 2975 1101 3030 defensabo
1120 2978 1148 3028 et
1165 2975 1194 3027 in
1212 2989 1321 3042 presen-

203 3033 434 3110 Norenberc³‚
470 3033 513 3097 ab
548 3033 736 3116 eodemque
789 3043 853 3099 cistl
892 3045 970 3099 ducis
1008 3045 1130 3100 bawarie
1166 3044 1321 3113 producto

203 3123 384 3187 defensate
408 3125 444 3187 et
466 3123 503 3185 in
522 3121 735 3206 presenciam
789 3134 1023 3202 solverimus,
1042 3125 1078 3187 et
1100 3123 1148 3186 sic
1170 3120 1231 3185 diu
1247 3141 1321 3204 cap-

150 3219 194 3273 ’ao
204 3211 301 3276 ducis
347 3211 501 3276 Bawarie
544 3210 731 3294 perducto⁰
789 3214 847 3274 tus
871 3211 1043 3276 detentus.

203 3301 299 3364 salva
327 3300 400 3364 vita
429 3299 517 3364 eius:
549 3299 735 3364 iamdicto

203 3389 284 3453 duci
300 3389 454 3454 Bawarie
469 3388 615 3452 victoria
636 3388 735 3452 ascri·

202 3478 308 3555 bitur,
333 3481 368 3542 et
384 3477 427 3541 ab
443 3497 484 3542 eo
499 3497 628 3560 suoque
645 3497 735 3542 exer

203 3567 276 3631 citu
307 3566 450 3632 devictis
481 3565 639 3629 hostibus
662 3585 735 3649 pro-

165 3677 192 3717 a
203 3657 278 3739 pria
290 3676 368 3720 cum
381 3655 508 3738 gaudio
517 3657 734 3738 repetuntur.

200 3883 223 3930 ι)
244 3891 324 3931 magno
338 3881 387 3924 coll.
401 3882 430 3922 Β.

201 3935 326 3980 Ram.

497 3881 520 3932 b)
541 3881 628 3932 rapitur
641 3881 669 3925 B.
742 3877 1078 3930 c>sicl.1⁷rcod.;producto
1092 3879 1177 3923 Ml.
1245 3877 1268 3928 d)
1288 3880 1319 3918 sic

202 4114 228 4180 1)
246 4113 301 4176 Qua·
324 4111 431 4178 loupiac
454 4111 555 4176 oberat,
583 4117 613 4163 ut
634 4117 765 4163 cenoman
783 4111 929 4178 conspicere
953 4126 1007 4162 noa
1027 4116 1123 4177 poma.
1162 4111 1203 4175 Cf.
1222 4111 1254 4162 de
1272 4110 1319 4162 boc

198 4184 300 4251 presbb
317 4186 398 4236 ctiam
417 4183 447 4240 0.
464 4183 629 4236 Dobcncekcr
647 4183 677 4233 ἐκ
697 4181 794 4235 ‘Meua
813 4182 840 4240 d,
859 4181 925 4236 Inct.
945 4181 1092 4245 f.0ecterr.
1109 4182 1200 4241 Gesob,
1220 4182 1242 4236 I.
1262 4181 1318 4234 Er·

163 4253 394 4322 ceperannum)
412 4255 558 4322 p.162sq.
647 4253 676 4320 2)
693 4253 736 4317 Cf.
755 4252 985 4317 Pfaancnsebms‘d
1002 4253 1019 4307 l.
1033 4253 1049 4308 l.
1068 4253 1125 4321 ΙΙΙ,
1146 4271 1176 4320 p.
1189 4255 1233 4318 68,
1251 4269 1279 4304 a.
1291 4255 1317 4307 4.

200 4326 251 4393 IV,
266 4343 297 4394 p.
311 4327 344 4380 77
357 4341 395 4393 sq·
467 4325 496 4396 3)
515 4325 656 4378 Friden'oo
673 4323 693 4374 I
695 4325 723 4379 V.
741 4323 910 4391 ourppracio.

1068 4433 1104 4486 23
