3182 4996
361 515 553 572 GRONIGAE
569 517 598 573 S.
608 516 723 573 PETRI
735 517 896 576 ERFORD.
914 517 1111 575 APPENDIX
1121 519 1172 578 VI.
1273 523 1329 579 435

206 709 352 783 episcopo
375 708 507 783 singulis
531 709 623 766 annis
646 709 698 766 die
720 708 812 766 beate
828 709 1026 784 Margarethe
1042 711 1171 786 virginis
1196 715 1229 768 et
1247 729 1325 768 mar·

206 797 275 853 tiris
297 798 478 872 peragenda
500 801 533 855 et
556 798 738 856 solemniter
761 797 957 867 celebranda,
981 798 1190 874 indulgcnoiis
1213 800 1325 858 diebus

206 889 420 960 patronorum,
443 885 662 956 dedicacionis,
687 903 810 944 necnon
832 887 932 945 eciam
956 887 1101 945 omuibus
1125 892 1158 945 et
1180 888 1323 964 singulis,

205 975 259 1049 qui
297 974 473 1032 devotionis
511 992 607 1033 causa
640 976 745 1033 locum
779 976 940 1050 premissis
974 976 1167 1034 orationibus
1202 965 1325 1035 devotis

181 1063 403 1121 svisitaverint
439 1068 496 1120 aut
530 1063 571 1121 ad
605 1068 797 1122 structuram
827 1081 940 1122 manus
978 1065 1147 1124 adiutrioes
1185 1082 1325 1141 porrexe-

205 1153 278 1220 rint,
309 1152 428 1210 tociens
458 1153 607 1228 quociens
638 1153 847 1229 quadraginta
876 1154 998 1212 dierum
1028 1155 1194 1224 concessis,
1218 1172 1324 1230 perpe·

206 1242 268 1298 tuis
292 1241 485 1316 temporibus
510 1242 679 1311 duraturis,
702 1243 856 1317 capellam
879 1242 1035 1317 prefatam
1062 1243 1202 1326 graciose
1228 1243 1323 1301 hono·

205 1330 287 1387 ravit
309 1334 342 1387 et
365 1330 495 1388 dotavit.

311 1413 435 1477 Anno⁸
477 1413 619 1477 Domini
656 1408 995 1478 M⁰OOOO⁰LXXII⁰
1035 1419 1234 1480 consecrata
1270 1418 1324 1480 est
1334 1421 1413 1475 1472.

169 1527 195 1566 ιο
205 1501 339 1586 capella
369 1522 448 1566 cum
478 1501 581 1566 altari
611 1503 701 1567 circa
731 1507 866 1587 portam
895 1524 958 1588 pro
989 1503 1183 1588 hospitibus
1210 1524 1323 1588 super

204 1590 422 1655 venientibus
438 1591 664 1675 suscipiendis
687 1592 796 1657 tercia
817 1593 906 1657 feria
929 1595 1007 1676 post
1023 1592 1177 1656 omnium
1192 1596 1416 1658 sancto-ras.

204 1699 279 1742 rum
311 1699 332 1743 a
361 1679 497 1763 prefato
529 1681 668 1745 domino
698 1681 899 1765 Syronensis
929 1681 1073 1746 ecclesie
1103 1682 1263 1766 episcopo
1286 1683 1325 1746 in

203 1769 333 1832 honore
368 1772 486 1834 sancte
520 1772 557 1833 et
585 1769 764 1835 individue
793 1770 972 1847 trinitatis,
1003 1769 1150 1854 gloriose
1179 1770 1322 1856 virginis

203 1856 313 1922 Marie
344 1859 380 1922 et
409 1858 563 1922 omnium
593 1862 790 1923 sanctorum
821 1859 884 1923 sub
911 1859 1102 1923 reverendo.
1121 1860 1158 1921 in
1183 1859 1321 1924 Christo

168 1971 194 2011 u
203 1949 302 2029 patre
321 1948 357 2010 et
373 1946 512 2010 domino
528 1947 667 2011 domino
683 1947 846 2030 Adolpho
862 1948 951 2012 sedis
968 1941 1194 2030 Magantineb
1214 1948 1321 2012 archi-

203 2035 374 2119 episcopo.
414 2034 520 2100 Cuius
544 2036 683 2118 quidem
707 2036 839 2121 capelle
863 2035 1038 2100 dedicaoio
1062 2036 1253 2101 constituta
1268 2041 1321 2102 est

203 2123 410 2188 celebranda
439 2144 478 2188 ac
508 2123 653 2208 singulis
683 2125 782 2188 annis
812 2125 1008 2209 peragenda
1042 2125 1214 2190 dominica
1243 2129 1321 2210 post

202 2213 357 2277 omnium
386 2215 592 2290 sanctorum,
626 2216 783 2298 presente
815 2213 954 2278 domino
982 2212 1164 2278 Gunthero
1195 2214 1320 2279 abbate

203 2321 280 2365 cum
304 2301 471 2365 fratribus
495 2305 530 2367 et
554 2301 793 2386 indulgencias
807 2302 987 2367 humiliter
1002 2303 1183 2386 flagitante
1200 2303 1321 2368 diebus

166 2395 425 2474 sopatronorum
457 2393 493 2454 et
516 2391 746 2456 dedicucionis
770 2391 1000 2474 quadraginta
1024 2391 1157 2456 dierum
1188 2412 1321 2458 conces·

203 2483 275 2542 sase
305 2482 340 2543 et
364 2479 537 2562 elargitss.

307 2563 410 2631 Itemd
424 2591 507 2631 anno
523 2575 649 2632 Domini
665 2573 896 2632 Mccccnxx.
913 2573 1028 2633 1470.⁰
1052 2575 1209 2634 Iohannes
1225 2580 1320 2634 natus
1333 2577 1409 2632 1470.

202 2663 234 2718 in
250 2663 325 2720 villa
339 2657 569 2732 Bonenbaoh1,
589 2664 666 2721 civis
682 2664 721 2721 de
737 2651 899 2739 effluens,
916 2665 1005 2722 dedit
1021 2665 1087 2722 sive
1103 2664 1218 2722 obtulit
1235 2681 1322 2722 mon·
1509 2665 1511 2670 ’

202 2751 372 2809 stranciam
388 2769 537 2826 magnam
561 2769 616 2827 pro
632 2753 802 2810 venerabili
826 2757 1023 2810 sacramento
1039 2758 1098 2811 etc.
1131 2751 1234 2824 Quam
1250 2771 1320 2811 con·

166 2859 192 2898 ss
201 2841 324 2914 paravit
346 2857 402 2916 pro
425 2845 554 2898 centum
577 2845 610 2898 et
624 2842 737 2917 viginti
760 2841 894 2899 florenis.
930 2840 992 2913 Qui
1015 2842 1172 2899 lohannes
1195 2846 1229 2900 et
1251 2859 1321 2899 oon·

202 2928 299 2986 fraer
327 2929 422 2986 uuus
452 2931 635 2987 monaterii
666 2929 764 2988 osus8
790 2931 822 2987 in
845 2931 951 3006 vigilia
976 2929 1236 3000 unocunque,
1260 2913 1418 3022 queffiffss

202 3021 277 3076 tunc
300 3018 362 3075 fuit
386 3019 518 3075 sabatho
541 3022 615 3076 ante
639 3021 772 3093 primam
796 3019 986 3076 dominicam
1010 3020 1167 3076 adventus
1183 3018 1320 3086 Domini,
1379 3012 1385 3026 ’
1419 3013 1426 3028 '

202 3106 347 3164 videlieet
369 3108 445 3165 anni
472 3105 571 3176 1477;
596 3108 685 3165 cuius
709 3109 816 3164 anima
839 3107 1014 3182 requiescat
1036 3109 1069 3164 in
1093 3111 1203 3165 sancta
1227 3105 1318 3182 pace!

202 3197 313 3253 Amen.

165 3303 192 3344 so
309 3271 413 3342 'lsteh
433 3289 718 3343 sacrosanctorum
743 3285 870 3360 reliquie
894 3285 1053 3344 recondite
1074 3287 1150 3341 sunt
1172 3284 1205 3341 in
1229 3297 1402 3346 crucem.

201 3389 296 3430 aurea
318 3373 413 3431 huius
436 3373 535 3448 figure
559 3373 798 3431 similitudinem
814 3373 990 3448 aliqualiter
1012 3374 1045 3430 in
1060 3373 1238 3448 quantitate
1253 3389 1321 3448 pre·

202 3449 396 3533 tendentis¹‚
421 3479 516 3538 quam
540 3467 617 3520 tunc
641 3462 729 3520 dedit
751 3463 941 3519 monasterio
964 3466 1082 3531 nostro,
1102 3464 1212 3519 sancto
1226 3461 1320 3518 Petro

202 3556 233 3607 et
255 3550 354 3608 Paulo
377 3541 576 3609 venerandus
601 3551 748 3608 dominus
763 3551 954 3608 Wernherus
978 3545 1182 3619 Baldewini²‚
1206 3551 1320 3607 utrius·

202 3657 261 3714 que
291 3640 367 3696 iuris
398 3639 506 3697 doctor
537 3628 743 3715 [egregius¹]‚
773 3640 831 3697 sub
862 3657 945 3697 anno
978 3627 1121 3697 Domini¹
1152 3639 1319 3697 millesimo
1331 3639 1409 3692 1477.

165 3727 511 3804 soquadringentesimo
535 3728 792 3804 septuagesimom
817 3729 960 3804 septimo.

200 3895 223 3946 o)
244 3895 304 3938 rubr.
318 3907 384 3934 manu
404 3905 422 3936 s.
436 3895 499 3938 ΧΠ,
520 3896 645 3944 adscripto:
669 3894 703 3934 Ad
717 3905 792 3935 omues
806 3899 891 3935 sanctos
905 3895 964 3935 circa
978 3899 1073 3944 portam.
1153 3894 1176 3942 bl
1197 3895 1287 3946 magdq·
1302 3907 1320 3938 c.

201 3952 222 3998 c)
235 3948 328 3988 conces·
337 3959 354 3990 r.
388 3946 412 3998 d)
425 3949 478 3988 hoec
491 3953 543 3988 noto
557 3959 625 3987 manu
635 3949 723 3988 ll'icolol
735 3949 762 3987 ὼ
775 3949 850 3998 Simon
863 3949 946 3998 empta
959 3953 997 3996 ssi,
1008 3953 1060 3998 post
1074 3949 1152 3987 addito
1165 3949 1188 3987 in
1201 3949 1273 3998 spatio
1285 3949 1320 3986 in·

200 4003 282 4048 seriore
296 4013 363 4041 vacuo
377 4001 394 4050 f.
409 4003 447 4045 15‘.
501 4005 522 4050 s)
535 4003 566 4041 sir
579 4013 681 4041 numam
695 4002 735 4052 bis,
749 4003 816 4041 latins
829 4006 848 4040 a
863 4003 950 4042 crebius
963 4003 1063 4052 scriptus,
1078 4006 1102 4040 ut
1117 4001 1164 4044 Nic.
1173 4003 1200 4041 ds
1209 4002 1283 4050 Βίοροι
1297 4003 1320 4040 in

200 4057 247 4097 cod.
259 4066 300 4093 suo
315 4055 450 4104 moorcpbo
464 4056 691 4106 summumne-ipsit.
758 4055 776 4106 s)
796 4067 824 4105 op
839 4055 900 4104 cdd„
914 4057 951 4095 esd
964 4056 1005 4097 del.
1019 4066 1035 4097 c.
1103 4055 1126 4106 g)
1140 4056 1196 4096 obllt
1209 4077 1235 4085 -
1249 4055 1320 4096 Amen

163 4107 247 4148 soatio
268 4113 347 4151 atrum.
366 4121 380 4148 a
399 4107 446 4152 Nic.
460 4109 487 4148 ds
500 4109 576 4158 Reum
592 4113 643 4158 poet
662 4109 713 4151 add.
781 4107 805 4160 b)
824 4109 933 4159 wenilo
953 4109 1031 4148 aarum
1049 4113 1130 4158 quarta
1150 4119 1217 4148 manu
1237 4119 1256 4148 ι.
1271 4109 1320 4150 XV.

200 4163 282 4211 scripta
295 4167 351 4204 mc.
398 4161 543 4212 i>sloc1rro
557 4162 711 4212 protendente.
759 4161 782 4210 ir)
796 4173 862 4201 manu
877 4161 965 4202 Mertai
978 4164 1005 4202 do
1018 4161 1092 4212 &soor
1105 4163 1175 4213 suppl.
1215 4161 1232 4213 1)
1245 4160 1290 4203 dn'o
1303 4173 1320 4204 r.

200 4217 230 4263 m)
245 4215 300 4255 slmo
314 4216 408 4266 septim
422 4227 437 4254 α
452 4215 499 4258 Nic.
513 4216 539 4255 ds
553 4217 627 4264 Sina
641 4217 730 4265 scriptu,
746 4216 801 4270 olilq
811 4217 887 4258 erum.

202 4359 229 4426 1)
249 4357 303 4422 Qui
315 4357 503 4425 proculdubio
517 4363 598 4425 potor
616 4357 673 4422 fuit
689 4357 798 4410 Nicolas‘
808 4357 840 4410 de
851 4358 952 4424 Sicyon.
984 4356 1028 4421 Cf.
1043 4358 1088 4414 ‘N.
1100 4359 1211 4410 Archio'
1223 4356 1319 4420 XXII,

198 4445 227 4496 p.
251 4429 312 4484 510.
410 4429 438 4496 2)
464 4429 504 4481 De
528 4429 576 4480 boc
603 4444 629 4482 a.
654 4431 731 4484 1488.
760 4429 833 4481 Masi
858 4431 900 4484 16.
927 4429 1051 4494 desumo
1078 4430 1166 4497 plura
1193 4429 1319 4495 honneur·

163 4515 227 4566 sop-
241 4501 309 4556 1041
322 4515 360 4567 oq.
379 4501 475 4552 codicis
494 4499 593 4554 Oolleot.
612 4501 687 4555 misc.
706 4499 780 4552 Galli
797 4500 913 4555 biam

1051 4605 1104 4662 28¹!
