3130 4990
240 397 426 454 Arsanus
445 397 637 457 ERPHORD.
655 399 846 456 FRATRUM
863 399 1204 459 PRAEDIOATORUM.
1249 407 1286 463 85

165 603 278 649 omnes
301 587 396 660 eos‘,
422 583 482 666 qui
505 603 566 667 pro
591 584 752 648 hereticis
775 584 876 662 tonsi,
901 586 1121 668 postmodum
1137 587 1285 653 confessi
1295 595 1372 650 lass.

165 678 243 737 sunt
265 673 431 736 iniuriam
455 672 521 736 sibi
543 672 684 738 factam.

267 761 346 825 Hoc
378 762 485 826 etiam
515 782 605 826 anno
629 761 780 826 Silridus
802 762 1030 847 Moguntinus
1055 764 1177 828 habito
1207 787 1425 838 oon-arcaea

164 850 238 914 silio
262 871 343 914 cum
363 850 538 914 canonicis
554 850 771 934 Moguntinis
794 871 856 935 pro
880 851 932 915 sui
956 852 1204 936 predecessoris
1228 856 1282 920 de·

136 939 252 1010 ebitis,
277 939 404 1022 quibus
428 939 647 1023 episcopatus
676 940 745 1004 iam
769 940 900 1003 dudum
923 940 1031 1005 Rome
1060 941 1177 1006 fuerat
1200 943 1282 1008 obli-

162 1032 272 1112 gatus,
297 1029 334 1091 in
359 1031 435 1092 tota
458 1048 521 1091 sua
543 1027 672 1092 diocesi
694 1027 869 1093 redituum
885 1028 1082 1094 vicesimam
1106 1034 1240 1114 partem
1262 1054 1283 1097 a

161 1117 315 1201 personis
332 1116 574 1182 ecclesiasticis
590 1116 708 1200 colligi
730 1117 918 1196 mandarit,
943 1138 983 1182 ac
999 1139 1102 1202 super
1117 1121 1182 1184 hcc
1200 1121 1282 1186 dato

161 1205 343 1290 privilegio
365 1226 402 1271 se
426 1227 602 1289 nunquam
626 1227 647 1268 a
670 1205 762 1270 clero
785 1227 847 1271 suo
867 1207 988 1271 diebus
1012 1208 1082 1270 suis
1098 1208 1402 1292 quicquamnuars).

161 1295 310 1379 amplius
345 1295 546 1378 petiturum.
606 1292 772 1359 Canonici
806 1295 910 1360 etiam
949 1296 1103 1360 matricis
1138 1297 1282 1363 ecclesie

129 1384 366 1467 alloguntiue
402 1384 470 1449 lide
503 1383 671 1447 iuratoria
705 1383 994 1448 confirmaverunt
1026 1405 1061 1450 se
1093 1385 1136 1451 de
1166 1391 1281 1452 cetero

159 1472 295 1536 nullum
327 1474 527 1557 pontificem
559 1472 744 1550 electuros,
775 1473 842 1536 nisi
871 1474 906 1535 in
937 1473 1029 1538 idem
1060 1474 1281 1558 privilegium

160 1581 405 1626 consensurum
418 1561 439 1623 ¹.
548 1561 626 1626 Hoc
656 1582 747 1625 anno
777 1562 847 1625 III.
873 1562 957 1626 Idus
980 1562 1103 1628 Marcii
1131 1563 1280 1630 Sifridus
1291 1587 1396 1634 aarum.

158 1650 365 1735 Mogontine
389 1651 480 1715 sedis
503 1651 781 1734 archiepiscopus
797 1651 978 1734 Moguntie
994 1652 1178 1717 concilium
1196 1654 1280 1720 cele·

159 1740 282 1814 bravit,
308 1740 531 1824 pontificatus
554 1738 608 1803 sui
632 1760 723 1804 anno
746 1739 815 1802 III.

125 1852 149 1891 ιε
264 1829 343 1893 Ηοο
367 1849 458 1893 anno
475 1830 623 1892 maxima
645 1829 716 1891 fuit
738 1829 929 1907 inundatio,
955 1849 1021 1912 que
1044 1850 1209 1914 magnum
1230 1832 1279 1896 in·

158 1917 241 1982 tulit
266 1918 432 1981 damnum
456 1911 790 2000 Erphordensibusb.

263 2009 367 2071 Anno
383 2006 525 2071 Domini
541 2005 832 2071 MOOXXXIIII.
856 2007 929 2072 Rex
946 2007 1132 2072 Heinricus
1149 2009 1278 2072 curium
1288 1986 1378 2100 iffi
1485 2051 1487 2058 ·

158 2095 360 2160 sollemnem
371 2095 633 2160 Franlrenerurt
644 2097 682 2158 in
694 2096 934 2179 purificatione
948 2095 1144 2174 celebravit,
1158 2097 1278 2161 multis

157 2183 286 2249 ibidem
310 2185 524 2268 principibus
548 2187 584 2248 et
607 2184 775 2268 episcopis
799 2185 1016 2269 congregatis
1033 2206 1072 2249 ac
1088 2186 1278 2250 multorum

124 2274 318 2338 mordicum
334 2273 513 2350 fratribus,
537 2272 670 2337 scilicet
687 2271 980 2350 Cisterciensibus,
999 2274 1278 2339 Predicatoribns

74 2368 260 2446 acuatque
289 2361 484 2427 Minoribus
515 2365 551 2426 et
580 2362 703 2427 ceteris
734 2361 902 2446 religiosis
932 2363 1097 2447 personis.
1134 2363 1277 2448 *Itaque

157 2451 276 2515 multis
307 2451 460 2515 consiliis
490 2471 593 2535 super
623 2451 702 2515 fidei
733 2451 875 2535 negocio
903 2451 1103 2535 prehabitis,
1134 2453 1277 2518 tandem

158 2541 198 2604 de
222 2540 352 2604 litteris
375 2540 507 2603 domini
530 2559 618 2624 pape
642 2560 752 2622 nuper
779 2540 823 2603 ad
847 2540 976 2604 curiam
1001 2540 1125 2605 delatis
1148 2541 1277 2625 discep-

157 2630 243 2692 tatio
275 2649 346 2692 non
376 2629 511 2693 modica
540 2629 620 2692 fuit.
667 2628 843 2711 Siquidem
867 2629 1040 2712 plerisque
1071 2650 1132 2713 per
1155 2630 1277 2695 Teuto-

125 2720 249 2782 aniam
273 2717 417 2802 prelatis
441 2737 481 2782 ac
505 2716 637 2782 clericis
661 2737 723 2782 seu
746 2718 850 2781 etiam
881 2718 978 2782 laicis
1009 2719 1165 2802 magistri
1189 2718 1276 2783 Oun-

158 2808 230 2870 mdi
253 2806 421 2870 visitandi
445 2807 615 2871 hereticos
639 2827 699 2871 seu
723 2806 942 2871 examinandi
965 2807 1077 2871 torma
1096 2807 1276 2891 displicue-

157 2901 223 2974 rat,
254 2895 421 2961 videlicet
450 2898 491 2958 ut
521 2895 645 2978 aliquis
674 2896 865 2960 infamatus
896 2895 959 2959 ab⁰
994 2896 1107 2961 heresi
1135 2896 1276 2980 publico

157 2985 305 3048 examini
339 2987 598 3068 presentaretur
628 2988 664 3049 et
694 2984 871 3049 confessus
902 3005 1051 3050 errorem
1081 3006 1120 3049 ac
1150 2987 1276 3050 reverti

158 3075 273 3139 rolens
297 3074 512 3148 tonderetur,
538 3093 635 3137 suam
657 3093 738 3138 vero
761 3074 996 3138 innocentiam
1019 3074 1087 3138 fide
1110 3075 1277 3138 iuratoria

123 3163 358 3238 mdefendens,
390 3166 511 3247 postea
539 3163 716 3226 convictus
740 3183 801 3246 pro
832 3157 1006 3227 hereticod
1034 3166 1243 3227 cremaretur
1254 3165 1276 3224 ².

158 3250 376 3336 Quapropter
398 3255 477 3334 post
493 3250 678 3316 concilium
702 3272 792 3314 anno
809 3251 975 3336 preterito
991 3251 1172 3334 Mognntie
1192 3251 1276 3316 cele·
1287 3265 1364 3320 1233.

156 3340 294 3405 brutum
317 3361 378 3404 rex
401 3343 437 3405 et
459 3340 687 3424 Moguntinus
711 3361 750 3405 ac
771 3339 1003 3404 Trevirensis³
1026 3339 1276 3423 archiepiscopi

156 3427 357 3494 cunradum
381 3428 620 3494 scolasticnm⁰
648 3428 844 3512 Spirensem
868 3430 913 3494 ad
934 3429 1065 3492 curiam
1085 3429 1275 3493 Romanam

155 3518 372 3582 destinantes
410 3518 540 3582 domini
579 3539 667 3602 pape
706 3518 887 3582 consilium
934 3537 1038 3600 super
1078 3517 1277 3581 huiusmodi

112 3607 267 3671 reforma
290 3607 457 3670 sciscitati
480 3611 571 3670 sunt.
608 3607 718 3690 Super
739 3606 863 3690 quibus
886 3627 976 3691 papa
990 3605 1091 3670 valde
1114 3606 1276 3671 turbatus

153 3701 188 3760 et
215 3717 237 3760 a
261 3695 505 3772 cardinalibus,
525 3695 651 3779 quibus
674 3696 857 3778 negocium
880 3695 1024 3779 pariam
1041 3694 1173 3759 dictum
1190 3694 1275 3760 Con·

151 3786 276 3849 radnm
308 3784 547 3849 scolasticum⁰
574 3785 784 3863 innotuerat,
809 3785 981 3860 inductus,
1011 3785 1168 3868 magistri
1187 3783 1274 3849 Oun-

150 3975 173 4025 ι)
186 3977 240 4023 lon.
255 3981 279 4014 et
294 3985 371 4014 omnes
384 3975 399 4013 ll
414 3975 531 4024 legendum.
559 3977 620 4015 Ome
633 3979 757 4024 comatam
773 3975 925 4024 aliquomodo
941 3985 985 4014 sera
998 3974 1054 4013 lunc
1067 3975 1193 4014 sententiam
1204 3978 1274 4024 paret,

150 4041 197 4068 cum
211 4031 282 4079 ipsos,
303 4029 361 4078 quod
374 4029 493 4078 praecedo,
515 4033 534 4067 ce
552 4041 589 4070 eos
609 4029 647 4069 hoc
661 4031 706 4068 loeo
720 4039 763 4067 non
778 4033 837 4067 sture
850 4029 927 4078 wecil.
994 4027 1018 4078 b)
1038 4027 1241 4077 Erpbordlauslbus
1256 4031 1276 4070 1.

117 4083 171 4132 loc)
184 4083 212 4130 cf.
226 4093 299 4132 ηρνα
309 4094 337 4131 p.
347 4081 380 4131 84,
394 4082 409 4125 l.
419 4083 450 4124 13.
505 4083 527 4132 d)
541 4083 623 4126 emund.
637 4083 712 4130 Pern,·
726 4093 767 4132 per
780 4082 904 4122 hereticum
919 4085 938 4125 1.
991 4083 1012 4130 c)
1026 4081 1130 4125 scholast.
1145 4084 1164 4125 1.

152 4245 177 4309 1)
201 4243 269 4294 Vide
295 4241 399 4295 litteras
423 4242 473 4294 boc
497 4243 528 4295 de
552 4259 582 4293 re
602 4243 681 4294 datas
699 4242 954 4305 a.1233.1un.18,
979 4241 1011 4294 dc
1030 4241 1165 4307 Grcdmua
1186 4239 1276 4292 codor

149 4315 216 4381 ἀίρῑ.
238 4314 263 4378 Ι,
286 4329 316 4382 p.
331 4314 383 4368 525
395 4329 442 4380 su,
462 4330 506 4369 nr.
518 4316 579 4370 209.
663 4313 692 4382 2)
712 4314 755 4378 Of.
775 4316 848 4381 epist.
867 4313 1003 4379 sigefridi
1024 4311 1140 4379 archiep.
1160 4310 1276 4376 Mapon-

150 4387 209 4452 tr'm',
230 4383 348 4450 Atera,
366 4384 413 4439 SS.
426 4385 539 4452 XXIII,
554 4401 585 4452 p.
599 4387 659 4440 931.
732 4387 759 4454 3)
783 4383 957 4438 Ibcodmm
975 4383 1013 4438 II.
