3214 4990
279 469 332 525 522
676 467 844 526 01³0ch
860 469 996 527 MINOR

273 649 443 732 popularis
461 650 633 732 popatores
654 652 858 718 narrationes
880 653 918 718 de
933 653 1083 733 Hottone,
1108 653 1145 718 de
1163 651 1334 736 Wittipiso,
1358 653 1401 718 de

280 739 493 804 concentibus
515 739 630 822 retulit,
654 741 774 807 doctior
794 741 900 822 frater
918 741 1128 807 Praedicator
1145 740 1250 806 andes
1266 741 1400 821 tabutas

284 826 445 910 Gotifredi
475 830 513 894 de
546 827 655 894 Ottmce
685 830 759 909 ΙΙΙ,
790 828 947 896 Heinrioo
975 829 1050 912 III,
1081 829 1167 896 alias
1191 829 1396 913 propapooit.

280 916 359 981 Iure
388 915 547 982 dubitabis
576 917 670 983 atteri
699 919 812 984 trorum
835 920 979 1001 petuma
1011 919 1098 1000 dore,
1125 919 1182 984 sed
1202 953 1247 964 -
1268 924 1304 984 ut
1332 918 1398 1000 opi·

279 1025 404 1158 itm-
424 1005 570 1090 proferes
598 1006 735 1086 tratrem
763 1007 927 1074 Minorem
955 1007 1127 1090 simplicem
1156 1007 1272 1073 oatttdo
1298 1006 1421 1078 Praei

299 1093 424 1160 icatori.

388 1183 432 1249 In
466 1184 604 1251 Orouion
633 1184 767 1251 Minore
793 1185 922 1269 primae
949 1185 1143 1252 recensionis
1176 1192 1211 1250 ut
1244 1185 1281 1251 in
1315 1185 1398 1252 tibro

280 1271 426 1338 Martini
450 1273 577 1356 primm
604 1273 753 1339 editionis
781 1295 888 1340 reram
914 1275 1050 1357 scriptor
1072 1273 1273 1358 paucissima
1300 1273 1399 1340 utitia

279 1361 427 1444 inueniet,
457 1364 513 1428 sed
539 1363 577 1428 in
599 1362 712 1446 priore
732 1363 822 1429 iltius
842 1371 939 1446 porte
966 1365 1083 1430 muttae
1105 1363 1235 1444 fabulae
1256 1362 1397 1429 ecetesia-

280 1449 377 1516 sticae
406 1451 561 1534 tepuntur,
591 1450 671 1518 alibi
699 1459 755 1517 aut
783 1452 879 1518 aliter
907 1459 963 1518 aut
991 1473 1056 1518 non
1078 1458 1243 1518 narratae.
1289 1452 1439 1518 Mutto1o

280 1539 414 1604 maioris
436 1539 583 1606 momenti
605 1547 679 1606 sunt
701 1540 962 1624 continuationes,
992 1562 1073 1624 picas
1096 1541 1200 1621 frater
1222 1540 1338 1606 Minor
1360 1539 1399 1606 in

279 1629 425 1710 secunda,
449 1629 553 1710 tertia,
577 1635 692 1712 quomo
713 1628 903 1695 editionibus
925 1629 1060 1696 addidit.
1107 1630 1151 1695 In
1172 1635 1290 1712 quarta
1311 1636 1399 1695 nota

280 1717 360 1782 bitia
383 1719 420 1783 de
437 1739 511 1784 nece
530 1717 710 1784 Uonradini
732 1720 887 1801 beantur,
911 1739 991 1801 qnae
1006 1718 1152 1784 Korotus
1166 1719 1312 1800 Hampel
1327 1717 1400 1784 iare

280 1826 356 1871 oero
390 1805 533 1889 eredidit,
568 1828 638 1872 cum
669 1806 790 1887 fratres
818 1807 982 1890 Minores,
1016 1813 1052 1873 ut
1084 1828 1183 1888 supra
1220 1807 1308 1889 disci,
1337 1827 1400 1888 per

280 1894 400 1974 tratres
429 1917 445 1961 e
474 1895 657 1979 lonqinqais
686 1895 780 1962 terris
810 1896 1010 1962 aduenientes
1042 1897 1091 1961 oet
1123 1895 1294 1962 scribentes
1322 1917 1400 1961 ocra
1412 1921 1438 1961 ιο

280 2004 461 2066 eopnoscere
493 1991 631 2067 possent.
689 1985 947 2052 Continuationes
979 1986 1020 2051 ob
1054 1984 1132 2050 otiis
1168 1984 1297 2050 additae
1333 2005 1401 2050 non

279 2071 409 2139 inutiles
434 2080 517 2155 sant,
547 2075 603 2139 sed
630 2074 726 2139 mutto
748 2073 883 2140 minoris
899 2073 999 2156 pretii
1024 2093 1121 2156 paam
1147 2072 1401 2140 contimmtiones

286 2161 441 2228 Uirouici
463 2162 618 2229 Martini.

391 2252 478 2333 Quos
500 2251 537 2317 in
559 2252 628 2317 sota
643 2252 756 2335 prima
771 2251 951 2318 recensione
971 2251 1118 2334 tepuntur
1132 2251 1184 2316 bis
1201 2251 1294 2317 uncis
1312 2259 1388 2322 <->

280 2360 360 2421 quoe
389 2340 592 2406 insecundo
621 2341 735 2406 addita
762 2347 837 2406 sant
857 2339 909 2406 bis
932 2345 1020 2422 [-],
1045 2361 1125 2423 quae
1147 2340 1185 2406 in
1213 2339 1321 2406 Ul.2
1345 2341 1438 2406 aet-so

280 2428 362 2494 iectu
394 2435 469 2494 sum
501 2429 553 2494 bis
583 2434 660 2504 (-)
691 2429 819 2510 sipnota
854 2429 962 2494 munio
994 2429 1032 2495 in
1066 2435 1182 2495 temtum
1215 2429 1327 2512 recepi,
1362 2429 1399 2494 in

280 2523 397 2598 quarta
429 2517 610 2584 recensione
640 2515 690 2596 (U
702 2519 738 2602 2)
773 2519 820 2584 oet
853 2518 891 2584 in
924 2517 1076 2584 classibus
1109 2517 1250 2585 codicum
1282 2519 1330 2583 vet
1363 2518 1400 2583 in

281 2605 417 2689 sinputis
444 2605 602 2673 codicibus
630 2606 743 2672 addita
771 2606 933 2672 asteriscis
961 2605 1090 2690 dynato
1119 2606 1217 2672 textui
1239 2606 1398 2688 supposui.

393 2693 472 2760 Uum
500 2695 703 2779 archetypam
730 2695 924 2761 recensionis
946 2694 980 2760 Β
1009 2716 1049 2761 eu
1074 2694 1142 2761 eius
1164 2695 1321 2762 codicibus
1343 2695 1399 2778 qui

281 2789 451 2866 supersunt
464 2783 649 2867 restitutum,
668 2791 704 2850 ut
717 2783 925 2867 seposuimus,
940 2783 1048 2850 mattis
1062 2783 1186 2850 mendis
1201 2790 1229 2849 et
1243 2783 1346 2850 uerbis
1360 2805 1400 2850 eu
1408 2807 1436 2850 io

281 2872 416 2939 arbitrio
436 2873 559 2939 scribae
579 2873 709 2939 mutatis
732 2879 911 2955 corruptum
932 2872 983 2956 sit,
1005 2878 1095 2955 potet
1115 2873 1229 2955 ubique
1250 2874 1319 2952 fere
1341 2893 1400 2938 nos

281 2983 388 3027 ueram
404 2962 518 3028 babere
533 2963 702 3045 tectionem
719 2962 773 3029 nbi
784 2964 853 3027 Al.
863 2959 916 3046 (2).
935 2961 1026 3028 UL2
1047 2968 1158 3027 contra
1172 2961 1259 3026 B.D
1274 2982 1399 3027 cousen-

282 3051 372 3116 tiunt.
404 3051 470 3119 Ubi
481 3053 514 3116 A
524 3047 615 3137 l.(2).
630 3051 680 3118 01
695 3057 806 3118 contra
820 3051 863 3116 B.
877 3051 941 3118 02.
953 3051 988 3116 D
1003 3058 1060 3116 aut
1073 3051 1106 3114 A
1116 3046 1207 3136 1.(2).
1222 3051 1275 3116 02
1288 3057 1399 3116 contra

281 3139 324 3205 B.
340 3139 400 3206 01.
413 3141 448 3207 D
464 3139 669 3222 consentiunt,
679 3138 1004 3224 percommodum
1019 3139 1109 3207 tectio
1121 3139 1340 3221 praeferenda
1354 3146 1400 3204 est

281 3229 357 3294 tibri
374 3231 433 3295 Al
451 3230 500 3295 oet
514 3229 665 3296 librorum
680 3230 713 3294 A
724 3235 780 3294 l.2
797 3251 868 3296 cum
882 3249 946 3295 uno
961 3228 1073 3295 classis
1093 3228 1122 3295 Ο
1137 3227 1396 3308 conuenientium,
1407 3251 1433 3292 so

281 3325 421 3386 attaocen
435 3319 569 3384 tiberem
583 3319 678 3384 babes
698 3317 852 3401 optionem
861 3320 882 3382 ².
921 3317 987 3386 Ubi
1001 3313 1135 3403 A1.(2).
1147 3315 1191 3382 B.
1205 3313 1271 3402 (D)
1288 3323 1399 3382 contra

286 3407 314 3474 0
326 3413 386 3472 1.2
411 3407 616 3490 consentiunt,
644 3407 682 3472 in
704 3405 756 3473 bis
781 3407 876 3473 babes
899 3407 1058 3474 lectionem
1081 3406 1192 3472 tertiae
1214 3412 1245 3472 et
1265 3412 1398 3489 quartae

280 3495 482 3579 recensionis,
506 3517 602 3579 quarn
623 3495 661 3562 iu
683 3503 798 3563 tentum
819 3517 885 3562 non
907 3495 1018 3578 recepi.
1065 3496 1131 3564 Ubi
1152 3495 1186 3561 A
1200 3501 1262 3559 1.2
1287 3501 1398 3561 contra

281 3585 323 3651 B.
353 3585 424 3652 01.
442 3591 473 3650 2.
496 3585 531 3650 D
560 3591 654 3668 stant,
685 3591 742 3651 aut
770 3586 865 3652 babes
893 3587 1040 3651 nundum
1074 3584 1236 3669 archetypi
1268 3585 1397 3650 ittorum

281 3674 435 3740 librorum
458 3680 515 3741 out
535 3674 695 3740 tectionem
716 3673 909 3742 recensionis
931 3680 974 3756 A,
1004 3695 1100 3757 quom
1127 3673 1164 3739 in
1194 3679 1311 3738 tectum
1332 3693 1432 3738 nonu

281 3763 408 3829 adnisi.
448 3763 513 3832 Ubi
531 3766 564 3829 A
579 3771 607 3827 1.
620 3761 664 3848 (2)
687 3785 757 3830 oum
778 3784 847 3830 uno
868 3764 916 3829 oet
933 3765 1057 3830 duobus
1071 3761 1223 3829 ctossibus
1237 3760 1272 3826 B
1287 3768 1398 3828 contra

281 3851 418 3934 reliquos
447 3851 544 3919 libros
572 3851 607 3917 B
636 3859 665 3919 et
698 3851 814 3920 01.2
844 3851 1042 3934 conueniunt,
1072 3872 1153 3935 quoe
1186 3850 1274 3916 tectio
1302 3871 1397 3933 prae·

280 3940 415 4020 terenda
443 3941 494 4024 sit,
525 3942 565 4008 ab
594 3941 712 4008 editore
740 3941 949 4008 iudicandum
978 3947 1032 4006 est.
1082 3941 1212 4007 Omnem
1246 3937 1399 4006 adnotari

282 4171 308 4236 1)
327 4168 427 4222 ‘sucu
447 4168 606 4222 Konradtns
624 4185 647 4224 o.
666 4169 879 4235 Hobenstanten'
899 4187 929 4239 p.
948 4170 1001 4226 318
1012 4187 1051 4238 so.
1135 4171 1163 4238 2)
1184 4169 1309 4222 Fortuita
1327 4167 1397 4222 enim

279 4237 382 4292 scribac
399 4240 515 4292 codicum
533 4241 594 4297 Al.
614 4241 660 4297 01
680 4247 728 4292 ant
745 4242 770 4293 A
785 4244 809 4298 1.
829 4241 878 4296 02
896 4242 966 4294 idem
982 4256 1089 4309 peccare
1102 4245 1249 4310 pdununt
1267 4246 1290 4292 ct
1305 4247 1432 4306 pecca-4⁰

280 4316 381 4364 cerunt.
425 4310 501 4362 Velut
517 4311 565 4362 nbt
581 4313 607 4364 A
621 4314 644 4366 1.
665 4311 714 4366 01
733 4310 877 4379 pulchrum
897 4311 991 4364 babent
1008 4319 1103 4364 contra
1119 4310 1316 4380 perpulchrum
1333 4312 1397 4363 rett-

280 4396 394 4450 quorum
411 4381 537 4449 codicum,
556 4383 668 4435 canabis
692 4400 711 4434 a
727 4383 824 4435 scribis
847 4383 959 4436 tttorum
984 4383 1117 4436 librorum
1134 4399 1153 4452 p
1177 4399 1226 4451 per
1243 4383 1398 4450 impenden-

279 4455 347 4505 ttom
365 4453 491 4505 omissam
508 4468 568 4507 esse.
