3160 4992
537 515 704 573 ORONIOA
721 516 854 574 MINOR.
1199 523 1250 577 59⁷

116 703 313 764 Constituit
334 705 465 776 etiam⁸‚
489 693 593 782 quodb
613 705 713 765 servie
734 711 768 766 et
785 709 943 766 criminosi
965 713 998 766 et
1020 697 1136 766 etism‘¹
1155 725 1251 767 mere

118 795 232 852 trices
255 792 420 853 accusare⁰
448 800 582 870 possunt
604 795 807 870 symoniacos
818 789 839 854 ¹.

299 995 423 1066 Quctucr
448 1013 546 1050 uxores
572 996 720 1066 legittimus
747 994 808 1051 etr
833 995 915 1050 simul
941 996 979 1052 eis
1005 997 1106 1054 hebere
1132 999 1197 1053 licet
1223 1002 1251 1052 et
1260 1007 1307 1050 Iac.
1340 1053 1343 1066 ι

298 1067 449 1136 quamlibet
478 1083 564 1135 usque
592 1067 677 1122 tercio
707 1067 851 1136 repudierc
882 1072 910 1122 et
936 1085 1028 1122 rursus
1055 1069 1184 1138 recipere,
1211 1068 1251 1123 ita

298 1142 399 1206 tamen,
424 1141 456 1192 ut
481 1138 685 1206 quaternarium
709 1155 854 1192 numerum
872 1155 1022 1193 uxorum
1040 1156 1096 1194 uon
1113 1145 1250 1195 transcen

299 1207 374 1264 deut.
409 1207 561 1278 Empticics
584 1225 649 1263 vero
678 1213 712 1262 et
739 1209 859 1278 captivas
886 1210 1060 1265 mulieres
1089 1215 1251 1281 quotquot

299 1279 395 1332 volunt
412 1279 514 1334 habere
532 1279 637 1333 licitum
650 1284 699 1349 sst,
717 1284 746 1334 et
764 1297 809 1334 cas
820 1283 937 1336 vendere
975 1285 1075 1352 essunt,
1093 1281 1145 1336 nisi
1157 1299 1250 1337 earum

299 1349 418 1418 aliquam
443 1351 657 1420 inpreguasseut.
701 1349 865 1405 Conceditur
890 1352 928 1405 eis
952 1299 987 1407 ge
1013 1353 1125 1422 propria
1151 1369 1250 1422 cogns-

300 1421 377 1475 cioue
395 1421 496 1476 hebere
513 1438 620 1490 uxorea,
638 1423 670 1475 ut
686 1421 831 1492 sauguinis
842 1422 932 1504 proles
951 1429 1087 1478 accrescat
1104 1428 1133 1478 st
1150 1423 1251 1478 sorcius

299 1491 371 1546 inter
388 1509 434 1546 eos
451 1491 591 1546 duculum
609 1492 731 1547 amicicie
748 1497 963 1564 consumatum
981 1493 1055 1548 circa
1071 1494 1251 1564 pcsseoeiones

299 1562 460 1632 repetendas
478 1565 630 1630 observant,
656 1567 687 1616 nt
706 1567 880 1618 accusator
897 1565 1010 1618 testibus
1014 1567 1126 1690 ”probet
1144 1570 1172 1620 et
1188 1583 1251 1620 reus

298 1633 451 1688 iuramento
469 1651 498 1688 se
515 1635 666 1704 conprobet
682 1634 862 1690 innocentem.
890 1633 960 1689 (lum
978 1635 1013 1689 ad
1042 1640 1101 1692 tera
1118 1653 1251 1706 conpre-

299 1703 397 1758 hensus
415 1721 477 1758 cum
496 1722 529 1759 ce
546 1705 649 1774 puriter
665 1705 810 1774 lapidatur.
847 1704 917 1760 dum
935 1705 989 1762 alia
1005 1705 1163 1776 fornicatus,
1180 1707 1251 1762 sci-

299 1775 389 1829 licet
407 1775 612 1830 concubina
629 1776 802 1842 alterius,
819 1775 928 1830 Lm
940 1777 1099 1833 verberibus
1114 1779 1250 1849 plectitur.

298 1843 457 1900 Rursus&
466 1847 556 1915 prima
567 1852 597 1900 et
607 1846 727 1900 secunda
735 1847 795 1901 vice
803 1846 961 1902 verberibus
973 1849 1115 1918 plectitur3
1128 1853 1161 1905 8·
1170 1849 1251 1904 vice

300 1918 588 1986 conprehensus,
606 1934 702 1971 manus
719 1918 790 1972 sius
808 1917 986 1988 presciditur3
1010 1924 1060 1975 4²⁸
1078 1919 1156 1974 vice
1173 1919 1252 1988 pedis

299 1989 474 2043 truncacione
520 1988 620 2045 unitur.
665 1989 694 2042 A
722 1987 785 2042 vino
815 2005 923 2057 semper
951 1990 1086 2045 abstinere
1115 1991 1251 2046 iubentur.

300 2057 477 2113 Servantibus
500 2005 555 2113 bec
584 2063 612 2113 et
636 2059 691 2114 alia
714 2060 747 2113 le
754 2059 809 2129 gis
834 2060 964 2114 mandata
980 2061 1105 2129 promisit
1121 2060 1202 2130 Deus,
1220 2065 1252 2114 ut

300 2134 430 2199 emerunt,
452 2129 625 2199 paradysum,
649 2130 737 2186 idest
761 2135 853 2185 ortum
870 2130 1029 2185 deliciarum
1055 2131 1131 2200 aquis
1148 2135 1251 2201 preter·

300 2200 448 2255 fluentibus
472 2200 625 2272 irrigatum,
649 2202 678 2254 in
703 2218 758 2270 quo
775 2201 853 2255 sedes
870 2201 1012 2256 habebunt
1029 2206 1182 2271 perpetues,
1200 2218 1251 2257 nec

300 2270 401 2342 frigore
420 2275 467 2326 aut
485 2276 544 2325 catu
562 2270 653 2341 aliquo
671 2271 835 2342 affligentur.
871 2271 1005 2328 Omnibus
1029 2273 1152 2328 ciborum
1169 2290 1251 2344 gene·

300 2342 375 2396 ribus
399 2346 549 2398 vescentur.
612 2341 722 2412 uioquid
745 2343 927 2413 oppecieriut
953 2346 1068 2398 totum
1095 2360 1187 2399 coram
1216 2361 1251 2398 se

301 2413 393 2467 stetim
419 2413 565 2470 nvenient.
624 2414 701 2468 elicis
725 2413 892 2469 vestimentis
919 2414 1064 2470 omnibus
1090 2413 1248 2470 coloribus¹¹

300 2489 329 2538 st
346 2484 498 2554 virginibus
522 2484 724 2554 speciosissimis
748 2485 956 2556 coniungantur,
981 2483 1026 2540 in¹
1046 2485 1149 2540 deliciis
1174 2503 1251 2542 acon-

300 2556 412 2623 babuut,
435 2555 534 2624 quibua
558 2556 649 2639 angeli
673 2555 863 2625 pincernarum
887 2574 964 2611 more
989 2574 1052 2611 cum
1070 2558 1140 2612 vasis
1164 2557 1252 2612 aureis

301 2630 328 2680 et
353 2625 490 2696 argenteis
514 2626 758 2682 ministrando
784 2628 1007 2686 deambulabunt.
1043 2627 1077 2682 In
1095 2627 1183 2683 aureis
1200 2629 1252 2696 lac,

300 2695 345 2750 in¹
361 2697 497 2780 argenteis
508 2697 602 2752 vinum
615 2695 765 2768 afferentes,
784 2697 918 2756 dicentes:
936 2698 1116 2755 ‘Commodite
1128 2704 1156 2754 et
1166 2699 1253 2755 bibite

300 2767 329 2821 in
355 2767 476 2822 leticia!’
513 2767 576 2823 Non
604 2769 776 2824 credentibus
801 2769 860 2825 Deo
888 2774 923 2824 et
944 2768 1107 2840 Magumetb
1135 2771 1195 2838 erit,
1221 2774 1253 2823 ut

301 2843 432 2908 asserunt,
459 2837 600 2894 infernalis
616 2857 687 2908 pena
710 2840 767 2894 sine
789 2840 852 2896 fine.
887 2839 1109 2912 Quibuscumque
1133 2841 1252 2911 peccatis

300 2909 416 2979 quilibet
433 2910 568 2980 obligatus
584 2909 676 2979 luerit,
697 2911 720 2964 si
738 2911 768 2964 iu
785 2911 829 2965 die
847 2912 942 2966 mortis
960 2928 1021 2966 sue
1038 2911 1097 2967 Deo
1115 2910 1252 2982 etMagu-

300 2986 374 3036 mcto
402 2979 526 3050 eredidit,
552 2981 580 3035 iu
608 2981 653 3036 dis
678 2980 773 3036 iudicii
799 2981 962 3052 Megnmeth
989 2983 1195 3050 interveniente,
1222 2985 1254 3036 ut

301 3056 432 3122 asserunt,
449 3052 540 3106 salvus
558 3052 618 3108 crit

707 3135 828 3194 Finis.

406 3258 508 3317 Item
553 3259 704 3335 incipit
748 3259 982 3335 disputacio
1024 3257 1251 3318 Christiani

301 3348 483 3423 theologi
505 3365 591 3406 cum
614 3347 751 3406 Kemel
774 3349 952 3406 soldano.

389 3423 467 3479 Sicut
491 3425 520 3478 iu
537 3424 675 3479 Alooreuo
693 3424 763 3479 libro
781 3425 850 3494 legis
867 3423 1151 3480 sarracenorum
1168 3421 1383 3492 scrip-ouem

300 3499 359 3549 tum
389 3495 539 3563 habent,
567 3493 763 3551 Sarracsni
787 3495 925 3550 Christum
949 3495 1042 3550 Iesum
1071 3493 1252 3548 domiuum

301 3569 463 3620 nostrum
488 3565 605 3621 credunt
628 3566 664 3621 ds
681 3566 771 3621 Mnrie
794 3567 900 3638 virgine
918 3569 1082 3636 conceptum
1103 3569 1131 3620 st
1147 3567 1252 3630 natum,

300 3654 382 3706 quem
399 3637 456 3692 sine
473 3642 587 3707 peccato
605 3637 711 3708 vixisse,
729 3638 891 3706 prophetam
909 3642 937 3692 st
954 3638 1016 3707 plus
1034 3653 1117 3706 quam
1134 3634 1251 3705 propbe-

300 3713 357 3762 tam
374 3712 568 3779 protestantur,
586 3725 664 3764 oecos
681 3709 854 3776 illuminasse,
872 3709 993 3778 leprosos
1010 3707 1162 3776 mundasse,
1179 3722 1253 3760 mor·

300 3783 361 3834 tuos
390 3779 574 3833 resuscitasse
600 3778 716 3834 firmiter
743 3784 865 3835 asserunt
895 3797 945 3849 per
974 3779 1089 3832 verbum
1120 3781 1149 3832 et
1175 3776 1253 3846 spiri·

300 3855 359 3904 tum
377 3849 429 3904 Dei
448 3853 476 3904 et
493 3850 587 3904 vivum
605 3849 646 3933 ad,
659 3851 731 3905 celos
749 3851 908 3906 ascendisse.
944 3849 1035 3917 Unde,
1057 3848 1253 3974 spuendottsm·

300 3920 1254 4064 ttnrffitttttttt·tittttbttffittt

121 4171 171 4218 tia)
188 4173 210 4209 st
222 4174 291 4214 coust
304 4171 356 4222 Δις
377 4170 419 4210 late
433 4181 492 4222 papa
505 4171 556 4215 cdd.
571 4171 615 4212 (51.
680 4169 704 4221 b)
723 4175 750 4210 nt
763 4171 809 4213 Bt.
822 4171 855 4214 tt.
867 4171 887 4214 t.
901 4171 943 4212 cl.
957 4169 1005 4213 Μ.
1067 4167 1196 4274 egium
1210 4170 1254 4212 ct.

153 4221 173 4274 d)
184 4235 221 4266 cm.
233 4223 281 4266 Di.
296 4221 354 4272 lvi,
365 4227 417 4273 post
430 4235 476 4267 aea
490 4223 538 4266 Μ,
591 4226 613 4273 a)
626 4235 648 4274 p.
661 4234 708 4267 aee.
720 4223 747 4267 B.
760 4223 796 4272 Dt
809 4235 866 4275 sym.
880 4233 926 4267 acc.
939 4235 962 4274 p.
976 4223 1019 4266 dt.

153 4278 173 4327 g)
184 4277 226 4316 l'ur
239 4277 285 4317 lac.
338 4275 363 4325 b)
376 4274 499 4318 induantur
512 4277 563 4321 cdd.
578 4277 625 4322 lac.
678 4275 695 4328 l)
709 4277 735 4316 lu
749 4277 792 4320 ct.

1104 4221 1192 4263 insimul
1207 4222 1255 4266 Iac.

155 4420 177 4484 l)
192 4417 262 4470 Haec
278 4435 312 4472 ec·
330 4419 407 4472 Decr.
426 4419 505 4485 Grep.
524 4417 576 4474 IX.
598 4419 616 4472 l.
631 4419 661 4485 V,
687 4421 726 4474 tit.
745 4421 771 4485 3,
797 4435 817 4473 c.
830 4421 856 4474 3.
868 4420 894 4473 4.
907 4419 933 4484 7,
958 4417 1006 4470 udi
1022 4417 1138 4472 Dscdcto
1156 4418 1256 4485 (Adeo-

153 4489 217 4552 dcto)
233 4490 296 4542 tace
313 4491 402 4557 capita
421 4489 557 4557 cdeetptc
574 4493 645 4545 aunt.
