3206 4996
430 465 549 524 LIBER
566 466 817 525 ORONIOORUM
835 466 1105 523 DRFORDDNSIS.
1275 472 1328 526 745

212 669 247 720 et
265 663 442 733 quomodo
460 663 595 719 frondosis
612 664 756 718 arboribus
774 663 948 732 fontibusque
969 654 1005 716 et
1028 651 1129 715 altis*
1151 653 1326 716 montibus
1337 676 1473 726 usupare.

212 736 418 791 veneracionem
432 736 604 801 exhibebant,
616 739 743 790 huncum
753 751 861 803 quoque
873 734 941 804 ligni
953 751 1007 788 non
1016 733 1121 803 parveb
1132 735 1328 806 magnitudinis

212 809 241 862 in
253 809 339 861 altum
349 811 471 860 erectum
484 807 607 860 subdivo
618 807 750 872 colebant,
763 806 932 875 appellantes
944 821 1006 859 eum
1015 806 1106 875 patria
1117 807 1212 876 lingua
1220 805 1327 861 Irmen-

212 880 285 946 aulss,
305 878 379 946 quod
398 876 496 932 Latine
515 878 616 931 dicitur
632 877 791 931 universalia
809 877 963 946 columpna,
983 877 1058 946 quasi
1076 878 1209 932 sustinens
1227 878 1327 948 omnia,

183 975 196 1015 s
213 959 248 1021 et
264 956 434 1039 quomodo
449 955 565 1020 vetule
581 948 764 1019 mulieree‘1
775 956 811 1019 et
826 956 982 1019 matrone
998 974 1059 1037 per
1072 956 1185 1019 variae
1200 954 1327 1019 illusio·

212 1065 272 1109 nee
296 1045 479 1108 demonum
496 1045 639 1128 decepte
662 1044 834 1127 putabant
857 1062 892 1106 se
916 1043 1070 1125 equitare
1093 1043 1148 1108 vel
1164 1045 1327 1109 scandere

212 1134 248 1196 in
272 1133 443 1216 scampnis
465 1132 520 1197 vel
543 1133 674 1216 scopis⁰
703 1125 785 1196 auts
805 1130 881 1194 aliie
904 1131 1111 1196 utensilibus
1133 1133 1170 1195 in
1193 1137 1327 1198 montes

213 1221 528 1306 Brockeneberg⁸·¹
545 1225 580 1286 et
595 1222 724 1286 ibidem
741 1223 988 1298 concertantes,
1008 1237 1116 1302 atque
1134 1233 1186 1286 alia
1204 1234 1326 1288 nnuma·
1337 1246 1366 1288 a.

212 1305 310 1359 rabilia
333 1321 434 1375 genera
459 1322 590 1358 vanarum
616 1303 851 1373 supersticionum,
877 1303 975 1372 quibus
997 1302 1134 1372 inplicitih
1156 1305 1328 1374 tenebantur,

179 1377 431 1446 sonticas-rabant,
460 1393 525 1445 ego
552 1393 616 1445 pro
644 1392 736 1430 nunc
763 1378 898 1444 pretereo.
939 1373 1007 1429 Sed
1035 1374 1086 1429 hee
1114 1375 1329 1445 supradicta

214 1448 274 1501 ideo
303 1447 524 1514 commemoravi,
551 1451 588 1500 ut
613 1446 731 1516 prudens
758 1447 845 1500 lector
870 1449 1006 1516 agnoscat,
1031 1463 1048 1500 a
1073 1447 1180 1514 quantis
1205 1463 1329 1501 errorum

214 1518 334 1572 tenebris
358 1536 408 1588 per
433 1517 486 1572 Dei
510 1518 631 1588 graciam
658 1517 711 1571 sint
737 1516 854 1585 liberati,
879 1517 927 1585 qui
946 1521 1024 1571 erant
1042 1517 1127 1570 olim
1146 1517 1217 1572 sicut
1235 1535 1328 1573 omnes

213 1589 341 1643 naciones
366 1588 544 1643 Germaniam
568 1589 811 1643 inhabitantes
836 1589 938 1657 quasi
963 1589 1076 1642 eciam
1100 1593 1199 1643 natura
1224 1589 1329 1644 feroces

214 1665 242 1716 et
260 1660 346 1714 cultui
365 1659 512 1714 demonum
532 1659 618 1714 dediti
635 1677 753 1728 vereque
771 1659 898 1728 religioni
916 1659 1048 1713 conhami
1065 1677 1153 1728 neque
1172 1660 1264 1714 diviua
1282 1680 1328 1716 ne·

179 1749 266 1800 ioque
284 1732 402 1785 humana
422 1731 482 1784 iura
499 1731 653 1802 transgredi
671 1731 796 1784 illicitum
809 1730 853 1784 vel
870 1730 1043 1784 inhonestum
1063 1737 1123 1784 aut
1140 1735 1328 1800 peccatum

214 1807 348 1872 putantes.
385 1803 466 1858 Unde
484 1802 586 1857 facturn
607 1801 679 1869 esti,
698 1800 772 1870 quod
790 1819 852 1855 cnm
870 1800 992 1854 finitimis
1011 1803 1065 1855 suis
1084 1807 1111 1855 et
1129 1803 1248 1857 maxime
1266 1821 1328 1856 curn

213 1880 398 1964 Thuring'ls
422 1883 458 1945 eh
480 1891 593 1945 Mancia
611 1891 673 1945 lites
691 1895 773 1958 atque
792 1889 941 1944 discordias
959 1889 1104 1946 habebant
1144 1934 1327 1948 .....

214 1962 268 2018 Sed
287 1964 356 2017 sicut
375 1961 410 2016 ad
427 1962 478 2017 heo
496 1962 621 2016 facienda
640 1962 805 2030 aliquociens
823 1961 903 2030 proni
923 1962 1087 2030 fuerunt,
1108 1962 1167 2016 riok
1189 1963 1275 2016 eciam
1294 1963 1329 2016 ad

213 2052 264 2106 heo
282 2051 379 2106 eadem
396 2051 578 2121 pervertenda
601 2067 709 2119 semper
729 2050 875 2120 precipites
896 2049 1026 2104 fuerunt
1049 2058 1156 2122 usque
1179 2041 1223 2102 ad
1246 2042 1328 2104 tem·

177 2150 297 2213 sopora
318 2123 457 2193 Karoli¹
487 2127 617 2212 Magni.
664 2127 732 2192 Sed
761 2127 827 2191 iste
850 2127 1080 2192 Theodericus
1103 2147 1161 2192 rex
1185 2128 1329 2192 thanco-

212 2241 298 2295 rum,
330 2217 389 2301 qui
419 2218 484 2282 hoc
513 2217 640 2280 malum
669 2237 833 2299 magnum
856 2215 1042 2299 Thuringis
1064 2216 1211 2294 induxit,
1236 2218 1327 2300 quod

213 2308 362 2372 Saxones
391 2306 521 2370 incolas
549 2306 652 2369 huius
678 2309 769 2369 terre
792 2305 887 2382 fecit,
912 2325 981 2368 non
1003 2305 1164 2370 transivit
1186 2307 1326 2390 inpune.

212 2391 296 2445 Nam
323 2407 400 2443 cum
424 2393 680 2444 reverteretur
705 2405 722 2442 a
747 2387 832 2442 cede
851 2387 1018 2442 fraterna
1036 2388 1135 2442 laeta
1154 2406 1229 2442 curn
1248 2388 1496 2460 Colo-nauperes.

212 2462 419 2516 niensibusm
445 2465 479 2514 et
503 2459 629 2514 trabem
654 2477 753 2514 suum
779 2459 915 2513 ibidem
939 2459 1183 2514 Theodebertumn
1211 2461 1327 2514 truci·

177 2534 335 2587 sudasset
360 2536 394 2585 et
418 2532 632 2600 perveniret
656 2531 689 2584 in
716 2530 854 2584 civitatem
872 2529 1034 2600 Metensem,
1059 2531 1152 2586 divino
1171 2532 1247 2602 igui⁰
1271 2550 1328 2587 ore·

213 2609 303 2658 matus
321 2603 335 2657 f
340 2603 411 2656 uit²
429 2621 501 2658 anno
518 2603 630 2656 Domini
648 2601 865 2671 quingentesimo
883 2600 1035 2658 XXXVII.

322 2677 433 2764 [Anno
465 2680 605 2744 Domini
638 2677 916 2742 DCXXXIIII.¹¹
960 2691 1132 2762 Dagabertus
1158 2693 1187 2746 in
1214 2691 1420 2746 Francifloousr.

215 2765 286 2817 solua
304 2763 449 2834 regnavit
468 2765 502 2818 ab
521 2762 663 2832 Hyapania
682 2779 765 2830 usque
784 2760 962 2831 Pannoniam,
982 2763 1022 2816 ab
1035 2763 1201 2832 Aequitania
1218 2748 1459 2832 usqueffllstss·

215 2833 365 2888 Bavariam
391 2837 425 2888 et
450 2852 534 2902 usque
553 2833 712 2904 Ungariam,
741 2832 858 2886 Bawaris
884 2850 1024 2902 quoque
1046 2835 1120 2905 leges
1142 2834 1226 2902 dedit,
1244 2833 1329 2888 Saxo·

179 2907 287 2962 soniam
305 2923 446 2975 quoque
465 2905 535 2960 sibi
554 2903 772 2974 subiugavit].

231 3047 253 3101 ff
321 2977 404 3030 Anno
433 2977 544 3030 Domini
574 2975 813 3045 septingentesimo
843 2972 999 3031 LXXVIA
1033 2974 1153 3030 Saxones
1184 2975 1329 3030 Christiani
1338 2990 1418 3039 Lamp.

215 3065 229 3102 e
252 3049 325 3103 cotit
347 3051 417 3107 sunt,

325 3125 450 3188 ⁸Porro
486 3125 528 3189 de
562 3122 694 3207 origine
728 3120 1069 3206 Langobardos-unt,
1105 3123 1254 3207 qualiter
1288 3145 1330 3189 ex

215 3217 339 3298 genteu
358 3213 612 3308 Thuringorum
634 3212 805 3306 procreati
820 3211 932 3290 aunt³‚
952 3223 1037 3278 item
1057 3224 1091 3278 da
1109 3223 1215 3294 origine
1233 3224 1329 3280 Hune
1340 3247 1476 3298 resenas.

179 3313 285 3363 strum,
304 3296 480 3365 quomodo
498 3296 648 3349 rllinatr
667 3294 800 3348 suntda
814 3294 1127 3366 mulieribusmagis,
1146 3297 1330 3364 queAlrune

216 3373 397 3434 vocanturu,
425 3369 465 3422 ab
492 3367 613 3422 exercitu
639 3365 725 3436 regis
749 3365 930 3420 Gothorumv
958 3384 1019 3420 seu
1044 3365 1251 3422 schitarumw
1276 3367 1330 3421 in·

215 3439 399 3510 pregnitiax,
424 3456 502 3493 cum
526 3456 589 3507 per
613 3437 854 3492 solitudinem
879 3439 1056 3493 transiret
1074 3455 1200 3493 uersus
1218 3439 1331 3508 paludes

216 3584 238 3630 ι)
251 3583 302 3623 aliis
316 3583 336 3624 2.
402 3581 550 3632 b)parv12·.
620 3580 641 3632 o)
655 3581 763 3621 lrmausol
777 3581 797 3624 fl.
865 3578 888 3629 d)
909 3582 961 3624 mul.
975 3586 995 3622 st
1008 3586 1072 3625 matr.
1087 3593 1129 3626 om.
1142 3583 1162 3632 2,
1177 3582 1250 3632 spatio
1264 3593 1332 3621 vacuo

216 3637 270 3685 rat.,·
290 3637 349 3676 Nota
363 3636 481 3676 ridiculosa
494 3637 517 3674 tn
531 3646 601 3684 sssnrp.
616 3636 635 3677 1.
702 3639 724 3684 a>
738 3635 809 3674 scobis
824 3635 844 3676 ἱ.
905 3635 973 3684 nuel
988 3638 1006 3678 1.
1067 3639 1091 3687 g)
1104 3635 1291 3685 Broclrensbergh
1306 3635 1331 3684 2;

179 3687 420 3739 wssogkembarga
474 3689 497 3736 h)
511 3689 595 3738 iplloatl
610 3690 629 3730 1.
669 3688 686 3736 l)
700 3699 741 3730 um.
755 3688 774 3730 2.
828 3687 852 3738 k)
865 3688 899 3727 sle
912 3709 938 3718 -
952 3689 1043 3729 fuerunt
1057 3701 1098 3730 om.
1112 3686 1145 3734 21).
1199 3690 1216 3738 l)
1229 3689 1298 3730 earoll
1312 3689 1332 3732 2.

216 3742 339 3788 meallen.
354 3740 387 3784 th.
436 3739 460 3790 n)
475 3740 643 3782 theodobertum
658 3743 728 3792 1.1·;
743 3739 894 3782 theodericum
909 3738 942 3785 21),
982 3745 1004 3791 o)
1018 3745 1069 3793 igne
1084 3745 1114 3785 1⁸.
1128 3743 1148 3786 5.
1162 3739 1195 3785 itb.
1235 3743 1259 3792 p)
1272 3743 1333 3781 ursata

216 3796 265 3838 incl.
286 3797 298 3836 3
318 3796 388 3835 solum
408 3796 486 3843 haban·
507 3795 530 3838 O.
549 3795 666 3835 llxxllll.
683 3795 703 3837 3.
770 3794 794 3844 q)
815 3792 873 3838 dom.
891 3794 1026 3838 OCLXXVI.
1044 3797 1069 3848 ²3
1089 3794 1148 3836 dom.
1169 3795 1331 3846 septuagesimo

216 3855 280 3890 sexto
302 3847 334 3892 2¹³.
401 3860 413 3889 r
443 3850 497 3889 lacti
517 3846 550 3890 pb,
570 3849 589 3892 8.
657 3847 678 3899 a)
697 3849 732 3888 De
752 3849 838 3899 origine
859 3849 1056 3898 longobardorum
1077 3850 1138 3893 rubr.
1154 3850 1279 3900 praemissa
1300 3849 1332 3891 2².

217 3903 234 3950 t)
258 3899 387 3952 langobard.
428 3915 434 3954 ς
458 3900 589 3953 longobard.
611 3905 642 3942 1⁸.
665 3899 699 3944 2¹³.
779 3905 802 3949 u)
826 3911 867 3945 om.
889 3903 920 3944 2¹.
1002 3907 1025 3950 v)
1048 3915 1088 3946 om.
1110 3905 1148 3952 2·;
1173 3903 1291 3943 Gottorum
1312 3902 1332 3944 8.

180 3954 207 3994 td
216 3959 247 4003 w)
255 3957 384 4007 satyrarum
391 3953 430 4008 th,
439 3956 561 3996 scitharum
569 3957 601 3997 2⁸.
650 3957 673 4004 x)
680 3956 803 4004 maudrub-
811 3955 956 4006 inpregnata
967 3958 986 3999 1.
995 3957 1014 3998 ¹.
1024 3957 1057 3996 2⁸·
1065 3954 1085 4001 b.
1094 3957 1119 4008 85
1129 3959 1292 4006 impregnantes
1301 3957 1332 4000 1⁸.

218 4082 244 4148 1)
266 4081 300 4132 In
318 4083 441 4146 marpissa
458 4081 553 4133 sodsts's
572 4083 586 4135 1
606 4081 761 4132 adnotatum
778 4085 830 4133 est:
855 4077 910 4132 Hic
928 4097 1006 4133 mons
1025 4085 1065 4134 est
1084 4097 1170 4150 prope
1189 4079 1331 4134 Wernioh·

216 4149 283 4204 rode
302 4151 456 4217 altissimus,
475 4151 577 4204 habens
595 4149 700 4204 fontem
719 4149 747 4203 in
765 4149 806 4202 sui
824 4149 972 4210 cacumina,
1069 4153 1098 4222 2)
1122 4153 1291 4206 Pandemos
1308 4153 1331 4208 1.

216 4230 240 4275 et
252 4223 291 4278 H.
310 4229 404 4276 ander
420 4223 549 4289 confudit,
569 4240 594 4277 a.
608 4225 668 4278 537.
687 4221 764 4274 illum
782 4222 935 4285 defunctum
952 4239 1004 4276 ease
1021 4224 1051 4275 ἐπ
1063 4224 1224 4276 Elskslsards'
1235 4225 1332 4280 Ghron.

213 4311 243 4361 p.
264 4297 323 4350 140.
350 4295 418 4362 lapis.
508 4295 536 4361 3)
552 4294 655 4346 Elslcels.
678 4311 708 4362 p.
728 4295 788 4347 142.
812 4295 843 4344 s'ss
863 4309 920 4361 sap.
939 4291 1070 4362 Hystoria
1087 4293 1333 4364 Langobardorum

182 4379 209 4420 oo
218 4365 416 4430 Apelmuudssm
433 4381 519 4432 repam
530 4365 773 4432 Langobardorum
785 4362 820 4416 de
836 4369 919 4433 gente
931 4363 1134 4436 Thuringorum
1150 4373 1239 4418 ortum
1251 4369 1335 4432 fuisse

218 4443 320 4489 secutam
336 4437 420 4488 Pauli
437 4435 509 4491 Hae.
527 4436 646 4502 Langob.
665 4437 753 4496 detrih·
776 4435 846 4488 unde
863 4441 956 4489 sudor
974 4437 1037 4490 hoec
1060 4440 1196 4507 scripsisse
1219 4439 1334 4492 videtur.
