3162 5022
247 477 413 534 CRONIGA
426 477 454 534 S.
464 477 581 534 PETRI
594 477 856 534 senonensem
869 477 958 535 MOD.
978 479 1013 536 d
1025 482 1208 536 1181-1183.
1247 483 1296 536 191

183 683 216 728 se
236 667 308 728 tam
331 667 458 728 causaa
483 684 597 728 rerum
621 683 722 746 quam
748 666 784 728 et
805 662 1029 726 familiarium
1053 683 1117 746 ope
1142 664 1295 740 destitui,
1308 670 1385 724 1181.

183 773 253 817 sero
274 753 417 817 tandem
440 751 531 833 regie
563 753 687 817 cedens
710 751 893 829 maiestati,
918 751 1140 834 Lodewigum
1164 752 1296 836 provin·

183 841 300 906 cialem
323 841 486 906 comitem
509 845 545 906 et
567 841 711 906 fratrem
734 841 808 906 eius
831 839 1070 904 Hermannnm
1094 841 1296 924 captivitate

182 930 354 994 absolutos
384 930 604 1014 imperatorie
634 930 799 1013 dignitati
829 929 927 1012 quasi
961 929 1055 1013 pacis
1089 929 1296 994 mediatores

152 1019 313 1083 adirexit.
359 1018 444 1083 Post
473 1019 537 1083 heo
567 1019 754 1102 imperator
776 1018 925 1082 Saxonis
954 1017 1077 1083 cedens
1101 1017 1296 1102 generalem

182 1107 308 1172 curiam
339 1108 430 1172 circa
459 1108 588 1172 festum
619 1108 730 1171 sancti
753 1107 896 1172 Martini
919 1106 1112 1190 Erphordie
1139 1107 1265 1170 indixit
1275 1107 1296 1169 1.
1308 1130 1361 1172 aa.
1370 1131 1402 1170 11.

180 1197 247 1261 Ubi
268 1196 362 1261 idem
387 1196 581 1274 Heinricus,
606 1201 750 1281 accepta
772 1196 871 1280 copia
893 1199 971 1260 tuto
996 1215 1110 1260 coram
1125 1196 1296 1273 veniendi,

84 1304 170 1353 ‘aare
180 1286 308 1351 ducatu
331 1284 553 1369 *Wigmanni
575 1284 883 1369 Magdeburgensis
913 1284 1063 1369 episcopi
1086 1285 1226 1350 veniens
1249 1305 1297 1350 re
1356 1364 1358 1376 .

178 1374 248 1458 gali
271 1374 458 1440 clemencie
482 1395 518 1439 se
541 1374 685 1439 dedidit.
727 1374 815 1439 Inde
838 1373 1033 1459 principum
1056 1373 1194 1450 iudicio,
1219 1393 1298 1456 quc·

147 1485 255 1528 rorum
278 1465 442 1547 frequens
465 1464 513 1528 ibi
537 1463 727 1528 multitudo
751 1464 880 1540 aderat,
904 1462 1094 1528 Teutonico
1117 1482 1224 1546 regno
1247 1483 1297 1527 ce·

179 1553 257 1617 dere
283 1553 490 1630 decernitur,
515 1553 623 1617 donec
647 1551 690 1616 ab
714 1545 939 1636 imperatorel
959 1555 1154 1628 revocetur;
1180 1552 1298 1616 cessio·

179 1642 232 1706 nis
254 1644 393 1725 tempus
419 1641 548 1706 festum
578 1641 689 1706 sancti
712 1641 854 1705 Iacobi²
877 1641 1088 1724 designatur.
1134 1641 1190 1704 Ibi
1214 1640 1298 1706 Her·

180 1751 325 1795 mannus
360 1730 470 1795 frater
499 1723 668 1794 deewici
703 1729 922 1813 provincialis
957 1729 1092 1794 comitis
1122 1730 1298 1813 palatinus

179 1819 326 1883 Saxonis
350 1819 575 1882 constituitur
584 1819 605 1896 ³,
630 1839 792 1902 germano
821 1818 928 1902 ipsius
956 1818 1077 1883 eodem
1101 1819 1299 1903 principatu

145 1908 272 1972 cultro
302 1928 340 1972 se
370 1907 563 1972 abdicante.
610 1906 785 1972 Ducatum
815 1927 963 1990 namque
987 1905 1133 1971 Saxonis
1156 1907 1299 1992 impera·

179 2000 234 2062 tor
257 1997 460 2062 Bernhardo
484 1997 602 2061 comiti
626 1997 669 2060 de
692 1996 835 2074 Anhalt,
860 2015 1024 2080 germano
1040 1995 1206 2079 Sigefridi
1221 1996 1298 2060 Pre-

180 2085 323 2150 mensise
356 2085 521 2170 episcopi,
555 2089 689 2170 partem
718 2105 799 2150 vero
833 2085 987 2150 eiusdem
1022 2085 1168 2148 ducatus
1202 2087 1298 2149 trans

182 2169 372 2238 Wisaraml
391 2174 553 2259 Philippo
570 2172 768 2239 Coloniensi
787 2175 946 2259 episcopo
964 2172 1297 2238 inbeneficiaveratt

179 2264 277 2340 Inde,
302 2261 401 2348 ‘pace
424 2263 552 2346 ubique
579 2263 721 2340 indicta,
753 2262 880 2347 singuli
911 2264 955 2326 ad
983 2283 1046 2326 sua
1069 2283 1148 2326 cum
1170 2262 1298 2346 gaudio
1309 2283 1339 2331 't
1349 2284 1394 2325 na.

143 2357 410 2418 arevertuntur.

285 2440 536 2506 MOLXXXII.
566 2441 738 2505 Reinboto
755 2460 866 2506 comes
883 2441 926 2505 de
943 2438 1162 2525 Bicbelingin
1178 2439 1266 2504 obiit
1276 2438 1297 2502 ⁵.
1310 2446 1387 2500 1182.

180 2529 366 2595 Heinricus
396 2530 569 2613 quondam
598 2530 669 2593 dux
699 2531 854 2615 pertesus
884 2530 1089 2613 quandoque
1119 2529 1297 2608 malorum,

179 2619 369 2684 secundum
403 2618 556 2684 edictum
587 2618 765 2703 imperiale
798 2638 905 2702 regno
939 2618 1128 2682 Teutonico
1164 2619 1298 2694 cedens,

180 2708 273 2791 apud
296 2727 459 2792 generum
484 2728 582 2770 suum
605 2729 723 2792 regem
746 2707 894 2790 Anglie⁶
917 2706 1069 2772 exulat⁰.

145 2821 171 2862 a
287 2795 557 2861 MOLXXXIII.
605 2795 699 2872 Otto,
731 2797 786 2860 cui
821 2795 1007 2880 imperator
1042 2796 1206 2860 ducatum
1237 2796 1389 2860 Bru-1183.

179 2886 286 2950 ioarie
310 2885 536 2961 commiserat,
561 2885 663 2962 obiit;
688 2884 779 2948 filius
802 2906 882 2950 vero
911 2886 984 2950 eius
1007 2880 1218 2968 deewigus,
1244 2885 1416 2956 eud-(mn).

181 2974 321 3038 modum
337 2994 431 3058 puer,
457 2975 622 3039 ducatum
645 2995 706 3058 per
722 2974 873 3058 graciam
895 2973 1113 3058 imperatoris
1129 2973 1298 3048 obtinuit,

182 3083 314 3126 summa
338 3066 454 3128 autem
477 3084 590 3129 rerum
614 3064 707 3148 apud
723 3066 864 3147 patruos
887 3063 1005 3146 ipsius,
1026 3061 1225 3126 Otnradum
1241 3062 1301 3126 sci·

183 3152 265 3216 licet
288 3145 594 3236 Salzburgensemf
621 3153 819 3236 episcopum
849 3155 885 3217 et
912 3149 1077 3216 Ottonem
1106 3149 1300 3236 palatinum

147 3240 397 3316 ”Noricorum
422 3242 506 3305 dum
536 3241 608 3325 ipse
632 3239 866 3306 adolescencie
890 3240 1080 3324 attingeret
1102 3242 1221 3316 metas,
1252 3259 1301 3304 re·

183 3329 319 3394 mansit.
419 3328 599 3396 Cristanus
633 3328 871 3413 Mogontinns,
905 3329 1067 3394 eductis&
1098 3329 1167 3392 iam
1202 3328 1301 3391 annis

183 3417 256 3481 XII
286 3419 323 3481 in
354 3417 469 3496 Italia,
501 3419 591 3483 diem
622 3418 747 3482 clausit
777 3422 978 3488 extremum,
1012 3417 1063 3480 vir
1094 3416 1193 3492 facie,
1225 3437 1301 3480 con·

183 3506 277 3584 siliis,
314 3507 516 3590 eloquencia
549 3510 585 3572 et
619 3506 753 3572 bellicis
787 3506 1010 3592 apparatibus
1045 3497 1230 3590 apprimish
1266 3507 1302 3570 et

184 3595 332 3679 elegans.
372 3594 448 3674 Quo
475 3616 591 3661 mense
616 3597 775 3680 Augusto
806 3596 981 3672 defuncto,
1010 3593 1189 3658 Otnradus
1214 3593 1434 3667 Sala-ruant).

149 3792 174 3832 aa
183 3787 205 3834 a)
222 3787 288 3835 copta
302 3787 457 3826 marcidum
472 3791 509 3826 rut
523 3798 591 3827 caum
604 3788 714 3826 ridendum
730 3788 821 3834 naam,
841 3795 896 3836 quae
914 3796 957 3824 ccx
975 3795 1002 3824 ce
1017 3779 1039 3825 ια’
1053 3785 1086 3822 tta
1099 3785 1180 3836 scrtprc
1195 3789 1245 3824 orta
1259 3795 1303 3826 ecre

179 3843 256 3887 W.
309 3837 333 3890 b)
346 3840 481 3890 imperatore
496 3843 514 3884 1.
575 3840 596 3890 c)
610 3841 732 3890 parmensis
748 3845 765 3883 1.
826 3841 849 3888 d)
864 3841 965 3882 werram
981 3839 1054 3880 LIII.
1109 3840 1130 3886 a)
1144 3839 1163 3877 Ο
1176 3843 1254 3879 sancte
1268 3840 1303 3879 Ia·

184 3893 269 3932 maluae
281 3892 377 3933 subveni
391 3895 442 3936 add.
457 3897 474 3938 1.
529 3893 546 3942 s)
560 3893 669 3943 salzberg.
682 3894 703 3937 b.
714 3896 728 3937 1.
743 3897 762 3938 1.
815 3896 840 3944 g)
854 3891 934 3934 edlctls
948 3895 966 3932 1.
983 3892 1009 3934 Ν,
1065 3891 1088 3939 h)
1101 3893 1132 3931 rte
1146 3895 1165 3935 1.

186 4035 211 4100 l)
228 4035 302 4098 Quae
318 4037 347 4087 iu
360 4036 431 4088 benc
442 4038 509 4088 diem
530 4038 631 4088 indata
645 4039 742 4103 paucis
760 4036 850 4088 dicbus
864 4041 925 4102 post
937 4037 1015 4101 (ch.
1027 4037 1073 4098 16)
1090 4036 1196 4088 mam
1214 4042 1303 4102 coepta

183 4112 229 4160 eut.
266 4105 308 4171 Of.
328 4109 400 4162 Aac.
420 4107 447 4162 S.
460 4108 536 4161 Petri
552 4111 616 4162 mci.
641 4125 668 4174 p.
682 4109 733 4162 ὅθι
758 4105 834 4159 curia
859 4105 933 4161 circa
954 4106 1055 4160 semum
1079 4124 1099 4162 s.
1118 4105 1235 4160 Martini
1253 4104 1303 4158 ar-

148 4175 299 4244 sophordie
317 4176 443 4233 habetur.
524 4181 551 4246 2)
570 4181 604 4232 A.
619 4181 696 4234 1182.
714 4177 770 4232 Iul.
782 4181 825 4234 25.
905 4179 932 4244 3)
950 4179 993 4244 Of.
1012 4180 1085 4232 Ana.
1104 4179 1131 4232 S.
1145 4178 1223 4230 Petvr'
1239 4180 1302 4232 mai.

183 4249 211 4315 4)
225 4246 258 4300 In
270 4251 349 4301 cuna
363 4249 536 4302 Galatarum
554 4266 579 4302 a.
594 4252 671 4305 1180.
690 4250 760 4318 Apr.
815 4251 842 4318 ὅ)
855 4248 992 4303 Bamboto
1006 4266 1097 4304 comes
1109 4249 1151 4302 die
1163 4249 1220 4302 III.
1233 4248 1303 4302 Noa.

185 4319 258 4370 Maii
281 4320 375 4374 obtata
391 4321 493 4373 dicitur
510 4324 540 4373 in
558 4321 661 4374 Necrol.
682 4321 709 4376 S.
723 4322 804 4385 Petri,
831 4321 977 4387 schannat,
1001 4323 1080 4377 Vind.
1099 4320 1138 4385 ΙΙ,
1162 4336 1191 4387 p.
1206 4322 1249 4384 19,
1274 4327 1305 4371 ut

185 4389 276 4515 {tulgi
292 4392 435 4447 edomuit.
463 4393 556 4445 Nescio
574 4409 610 4444 an
629 4392 672 4444 bic
689 4391 758 4444 idem
775 4394 819 4448 sit.
847 4392 889 4458 Of.
904 4393 947 4447 ίΝ.
960 4393 1074 4445 Arcbiv’
1087 4390 1183 4457 XXII,
1199 4406 1229 4457 p.
1243 4393 1303 4447 51⁷.

203 4464 214 4524 )
261 4464 390 4514 doricum
409 4462 448 4518 Π.
