3162 5022
321 449 372 504 182
416 444 585 501 ORONIOA
598 444 626 501 S.
635 443 753 500 PETRI
765 441 1028 499 ERFORDENSIS
1040 440 1130 498 MOD.
1150 445 1185 498 A.
1197 445 1363 498 11621163.

233 633 374 694 1162.tas
404 629 674 714 opulentissima,
706 649 727 692 a
755 627 863 692 Remo
893 629 950 692 et*
976 625 1124 690 Romulo
1154 626 1264 710 primo
1299 625 1440 708 quidem

321 722 431 804 cepta,
456 719 560 782 seda
584 716 694 782 Gallis
718 715 920 792 Senonibus,
944 716 1003 798 qui
1032 714 1280 798 antiquissimis
1309 717 1440 797 tempo-

320 808 414 872 ribus
443 808 530 872 duce
562 806 746 871 Brennone
780 825 855 870 cum
892 797 1078 869 trecentisb
1113 803 1254 867 milibus
1288 803 1441 887 patriam

320 896 464 981 ingressi
487 896 627 960 fuerant
635 895 656 973 ¹,
680 898 759 980 post
782 894 836 958 sui
859 893 955 958 ducis
978 893 1159 958 interitum
1182 893 1346 977 perfecta,
1372 911 1440 975 que

192 1009 227 1053 a.
236 1011 270 1060 u,
279 1011 310 1052 m
320 985 441 1049 multis
470 989 562 1050 retro
593 982 717 1049 seculis
747 982 915 1066 singulari
945 982 1085 1046 feritate
1115 986 1156 1046 ut
1179 1001 1262 1064 aper
1285 980 1328 1044 de
1351 979 1440 1044 silva
1460 1005 1486 1045 a

320 1076 446 1139 cuncta
473 1074 575 1156 longe
605 1072 743 1156 lateque
774 1073 878 1136 dente
909 1071 1035 1136 minaci
1065 1070 1351 1155 depopulabatur,
1384 1071 1439 1135 de·

319 1185 413 1227 mum
437 1161 599 1227 celestem
628 1164 770 1246 experta
792 1160 991 1238 vindictam,
1015 1159 1183 1225 Friderici
1211 1160 1303 1244 regis
1333 1180 1440 1222 manu

319 1251 519 1336 gravissima
541 1251 611 1314 acsi
633 1249 825 1334 lanigerum
845 1269 949 1334 pecus
974 1249 1162 1312 dilaniatur
1180 1251 1338 1330 terreque
1362 1247 1439 1310 iun-

320 1341 413 1405 ditus
448 1343 646 1422 coequatur.
700 1339 909 1402 Futurorum
943 1338 1035 1402 enim
1065 1341 1208 1402 eventus
1242 1357 1304 1421 per
1337 1357 1439 1402 omen

320 1434 355 1494 et
378 1449 503 1493 nomen
526 1429 652 1514 ipsius⁰
674 1428 835 1502 civitatis,
860 1431 900 1490 ut
923 1421 980 1490 ind
1005 1427 1157 1490 historiis
1180 1425 1327 1510 legimus
1337 1427 1358 1503 ²,
1383 1426 1486 1489 hisro

319 1518 402 1583 olim
429 1519 631 1601 prenotatus
657 1517 774 1581 iuerat
795 1517 966 1580 versibus:

226 1629 311 1679 *risa
450 1605 512 1670 Sus
534 1603 600 1684 sui-t
620 1603 776 1686 iuventus,
799 1625 859 1686 quo
882 1603 974 1684 fisit⁰
1003 1604 1125 1669 *castra
1146 1602 1300 1685 iuventus

449 1694 494 1758 Ia
516 1693 618 1758 medio
641 1700 726 1775 tergo
749 1693 860 1758 lunum
882 1693 973 1772 tvalib·
996 1691 1112 1758 accidit
1133 1713 1215 1774 erpo,

450 1783 631 1848 Nemeaei
654 1777 821 1864 optaretis
848 1781 1130 1863 Mediolanumquc
1152 1788 1307 1846 vocarent.

168 1899 311 1942 asmata,
426 1884 546 1938 Famem
567 1884 667 1938 valida.
749 1870 839 1937 Gero
856 1871 1035 1957 episcopus
1051 1891 1128 1936 ossa
1143 1875 1341 1935 sanctorum
1358 1870 1438 1936 Ger·
1451 1891 1480 1931 rs

320 1961 405 2026 vasii
435 1963 472 2026 et
494 1961 667 2026 Prothasii
697 1961 739 2026 de
763 1960 960 2025 Mediolano
990 1960 1171 2025 transtulit
1198 1953 1437 2026 Halberstatl.

195 2079 223 2118 u.
233 2063 310 2116 1163.
427 2043 647 2114 ΜΟΙιΧῙΠ.ι
691 2061 847 2132 Imperator
865 2061 926 2116 dek
951 2061 1035 2115 Italia
1058 2062 1264 2117 revertitur
1290 2057 1324 2114 et
1348 2050 1439 2113 cirea

218 2139 600 2223 rarpurifieacionem
623 2144 741 2204 sancte
764 2139 873 2202 Maria
906 2139 1100 2223 principum
1122 2139 1322 2222 frequentia
1345 2139 1438 2222 apud

203 2227 521 2311 aan.a.Wirciburg
556 2228 734 2312 excipitur,
766 2248 806 2292 ac
839 2232 917 2313 post
951 2227 1148 2312 paschalem
1183 2227 1436 2292 solemnitatem

206 2310 557 2402 (astrmogonciaml
588 2337 665 2380 cum
689 2336 814 2401 magno
837 2320 968 2381 terrore
991 2318 1163 2400 ingressus
1187 2316 1315 2381 curiam
1339 2334 1435 2378 suam
1447 2335 1479 2374 so

321 2404 449 2470 ibidem
473 2405 606 2482 habuit,
631 2405 829 2488 civibusque
852 2405 975 2470 timore
999 2405 1187 2472 indiverso
1201 2405 1341 2488 fugatis,
1365 2424 1435 2466 mu·

320 2515 398 2557 rum
420 2494 456 2556 in
480 2494 627 2558 circuitu
650 2514 834 2577 omnesque
863 2495 1075 2559 municiones
1105 2494 1254 2559 civitatis
1277 2493 1437 2556 iimditus

322 2583 453 2647 destrui
476 2584 639 2667 precepit.

227 2699 286 2748 Sept.
294 2702 312 2742 1.
427 2670 545 2734 Nimia
567 2691 733 2755 aquarum
755 2671 941 2736 inundacio
965 2671 1044 2736 Kal.
1069 2671 1305 2757 Septembris8
1327 2693 1368 2737 ex
1389 2673 1438 2735 in-

321 2759 417 2843 genti
452 2779 490 2824 ac
521 2761 701 2843 repentino
731 2761 849 2824 nimbo
879 2761 974 2826 facta
1008 2764 1070 2837 est,
1102 2763 1188 2826 adeo
1222 2766 1262 2826 ut
1292 2761 1476 2846 plurimess

322 2849 442 2913 domus
466 2869 506 2913 ac
530 2849 665 2914 edificia
695 2870 773 2914 cum
796 2848 1050 2914 habitatoribus
1081 2871 1120 2914 ao
1143 2851 1307 2916 iumentis
1334 2850 1438 2914 omni·

321 2959 387 3020 que
421 2937 654 3023 suppellectili
685 2957 851 3021 aquarum
880 2939 1013 3023 impetu
1043 2939 1080 3002 in
1111 2958 1253 3024 preceps
1281 2959 1438 3024 raperen-

320 3031 387 3104 tur,
418 3026 588 3110 multique
616 3027 793 3091 hominum
820 3048 910 3110 aqua
936 3027 1050 3092 necti⁴
1073 3027 1278 3112 longiusque
1308 3027 1439 3111 portati

320 3119 439 3204 postea
463 3116 704 3201 reperirentur.

194 3254 207 3300 (
206 3184 310 3304 ,122¹ss
431 3203 546 3270 Victor
580 3225 683 3289 papa,
708 3204 767 3287 qui
798 3207 833 3269 et
864 3203 1086 3282 Octavianus,
1118 3204 1242 3282 obiit⁵;
1278 3225 1340 3288 pro
1370 3225 1476 3288 quoru

151 3267 506 3407 MJP'M'Paschalis,
532 3294 591 3378 qui
614 3297 649 3358 et
673 3291 804 3357 Gwido.

175 3391 180 3402 '
227 3390 313 3470 '1'1032
426 3388 601 3463 Imperator
630 3391 756 3462 sumpto
792 3385 939 3446 Ctnrado
968 3387 1153 3464 Mogontino
1187 3390 1285 3446 electo
1320 3394 1352 3446 et
1385 3389 1438 3446 ali-

321 3478 447 3551 quantis
471 3477 663 3552 principibus
686 3494 827 3534 rursus
851 3477 976 3534 Italiam
999 3476 1243 3553 ingreditur.

320 3643 342 3690 a)
356 3653 383 3682 aa
403 3643 423 3684 l'.
437 3643 511 3684 LIII.
592 3644 614 3691 b)
628 3643 724 3684 recentla
734 3647 786 3693 post
800 3655 857 3687 corr.
871 3649 925 3686 trec.
940 3647 958 3687 1.
1038 3647 1059 3692 o)
1073 3645 1088 3686 l.
1102 3644 1144 3687 clv.
1157 3655 1198 3686 om.
1213 3645 1239 3686 a.
1319 3645 1342 3694 d)
1357 3655 1398 3688 om.
1412 3645 1438 3686 Ε.

320 3697 341 3744 e)
354 3695 385 3734 rte
398 3695 424 3739 Ε.
438 3697 465 3740 Β.
479 3696 553 3740 LIII.
566 3695 594 3746 V,·
608 3697 652 3738 ruit
665 3698 685 3740 1.
731 3698 866 3744 nablarent
879 3698 905 3741 E.
945 3696 968 3748 g)
981 3697 1007 3742 F,
1021 3698 1063 3739 vol.
1078 3708 1118 3739 om.
1133 3697 1159 3748 s,
1173 3698 1283 3748 sequenda
1296 3699 1347 3741 ride
1356 3711 1381 3747 p,
1392 3699 1438 3748 181,
1449 3702 1476 3742 35

322 3760 342 3791 ιι,
356 3749 375 3791 ¹.
429 3749 453 3798 h)
467 3750 491 3789 in
505 3749 570 3792 Iislb.
583 3750 609 3794 s.
619 3751 651 3800 R,-
671 3747 701 3790 ad
716 3751 780 3793 linit.
792 3751 820 3799 V,·
840 3751 984 3791 Balbamtsdt
998 3754 1018 3800 l,
1037 3751 1074 3789 ubl
1091 3751 1155 3794 aad:
1176 3751 1286 3792 Saeuum
1300 3751 1439 3793 nncuulme

321 3802 440 3845 Isroulme.
492 3801 509 3853 l)
523 3815 544 3847 u.
558 3804 617 3846 116³.
631 3805 691 3848 1164.
708 3815 750 3843 om.
766 3804 792 3847 Ε.
831 3803 856 3854 k)
868 3805 900 3842 stc
913 3805 934 3842 Β
947 3815 994 3842 cum
1009 3805 1065 3848 Anu.
1079 3805 1099 3848 s.
1114 3805 1187 3854 Pru-1¹,-
1201 3817 1242 3850 om.
1257 3809 1283 3858 ¹3
1297 3803 1327 3846 ad
1342 3805 1438 3846 Ytsllam

320 3855 394 3897 LIII.
448 3855 464 3906 l)
478 3855 535 3906 Imp.
549 3857 674 3898 Frldsrlons
688 3859 771 3907 prlmus
785 3857 927 3908 Mogunclam
940 3855 999 3900 Μ.

322 3996 348 4064 1)
364 3996 421 4050 Hor
438 4013 472 4051 ea·
489 3997 572 4050 Pauli
587 3998 655 4054 diac.
674 3997 746 4053 ΗΜ.
759 3998 928 4065 Lunputurd.
948 3999 988 4064 II,
1001 4003 1044 4055 23.
1107 3998 1135 4068 2)
1155 4001 1198 4065 Cf.
1219 4002 1323 4066 Gotefr.
1339 3999 1437 4053 Viterb.

319 4068 457 4121 Pantheon
476 4068 492 4122 l.
505 4069 558 4134 IX,
578 4070 840 4136 heterius-&rum
860 4069 907 4125 SS.
921 4070 961 4134 II,
977 4087 1005 4138 p.
1020 4073 1080 4127 146.
1112 4071 1250 4140 Samus
1268 4088 1358 4125 meus
1373 4087 1475 4139 pro-ra

316 4141 382 4206 pius
400 4139 523 4192 aarum
548 4139 585 4191 ad
605 4155 648 4192 eos
666 4140 723 4195 Iob.
743 4141 902 4208 Codaprulli,
923 4141 967 4195 ¹N.
987 4142 1101 4196 ΑνοῖιίυΙ
1119 4143 1198 4209 XVI,
1219 4160 1249 4210 p.
1263 4145 1315 4198 329
1333 4143 1381 4208 (of.
1401 4142 1437 4196 ib.

318 4227 345 4277 p.
365 4213 438 4270 509).
457 4211 514 4276 III,
531 4229 559 4279 p.
574 4214 633 4267 159.
705 4213 734 4282 3)
753 4209 807 4266 ΠΙ.
827 4210 920 4265 Nonas
940 4211 1094 4282 Septembr.
1113 4215 1186 4269 Ana.
1206 4215 1233 4269 S.
1246 4215 1323 4267 Petri
1340 4219 1395 4268 unt.
1414 4220 1439 4266 a

319 4283 392 4346 mci,
417 4297 504 4348 supra
523 4299 553 4348 p.
572 4283 616 4338 20.
636 4283 678 4338 58.
763 4283 791 4352 4)
817 4284 880 4339 Le.
903 4283 1040 4338 mbnersi.
1080 4285 1164 4349 Οιιαηι
1184 4289 1236 4338 vim
1253 4299 1347 4338 necare
1364 4285 1439 4352 apud

320 4353 403 4405 Italos
419 4355 572 4420 sapasim
588 4353 665 4407 babet
682 4353 772 4422 (bodie
789 4357 947 4424 annegare).
1020 4357 1046 4424 ὅ)
1066 4356 1138 4409 Haec
1151 4372 1296 4424 perperam
1314 4357 1350 4409 ud
1368 4356 1439 4408 huno

318 4440 421 4476 aarum
438 4424 524 4477 relata
541 4431 612 4480 sunl.
1447 4443 1473 4484 as
