3214 4990
274 408 329 462 490
675 404 844 462 030ch
861 403 997 460 MINOR„

275 587 608 670 Erpbesfnrdensibus
645 586 870 674 Lotbarmms)
909 590 987 653 duos
1023 586 1134 653 saltem
1171 587 1252 653 locos
1289 593 1393 653 tram-

189 717 195 728 ·
276 677 416 758 sumpsit,
440 676 585 742 lectiones
607 677 703 743 etiam
725 677 825 759 babet,
849 697 929 760 anas
951 676 1003 742 bio
1025 677 1120 742 coelen
1142 677 1227 741 eolus
1248 675 1285 740 in
1307 682 1393 742 uara

275 765 631 846 brutam-Ellebordi
653 767 815 848 praebet1.
862 766 996 831 Praeter
1018 765 1102 830 bunc
1130 764 1215 830 inter
1236 764 1305 830 alia
1328 785 1392 830 oro·

275 853 381 935 nioa²,
406 875 486 936 anae
508 860 619 921 auctor
641 855 795 935 collibuit,
818 854 951 934 fuerunt
972 853 1138 936 Lamperti
1152 853 1392 933 Hersfeldenscs

275 942 422 1009 Annales
451 949 480 1009 et
500 943 611 1009 Bedae
633 943 785 1010 Historia
813 943 1041 1009 eccelesiastica
1067 943 1268 1025 111111111111118
1289 948 1326 1023 et,
1357 948 1416 1007 nte

274 1031 408 1115 violetur,
447 1031 617 1099 chronicon
661 1032 878 1099 breuissimum
914 1031 1059 1097 Honorii
1095 1031 1393 1114 Auoustoclnnensm

275 1119 357 1186 libra
394 1121 449 1204 aui
482 1121 672 1187 inscribitur
706 1120 829 1204 ‘Imaao
857 1120 984 1186 mundi'
1015 1119 1179 1187 adiectum.
1233 1119 1275 1186 Ut
1299 1119 1392 1184 illum

275 1201 584 1276 Elbcbardi'etiam
599 1209 765 1292 Lamperti
787 1209 922 1276 codicem
938 1209 1162 1292 proculdubio
1185 1231 1206 1274 a
1227 1207 1392 1274 nmuacbis

275 1297 401 1363 Montes
431 1299 465 1364 S.
491 1297 590 1379 Petri,
620 1319 711 1381 quem
739 1301 777 1364 in
806 1299 862 1364 boo
890 1299 1081 1364 monasterio
1109 1297 1210 1378 fnisse
1239 1297 1389 1379 comtat⁴,

274 1393 435 1452 noutuatus
463 1393 516 1469 ost,
547 1408 617 1452 cum
645 1389 702 1454 sub
731 1409 762 1453 a.
784 1393 857 1452 703.
888 1387 983 1453 etiam
1012 1387 1113 1453 locum
1138 1388 1176 1451 de
1201 1385 1429 1466 fundationem

274 1475 370 1542 buius
390 1475 576 1542 monasterii
597 1475 635 1541 in
655 1476 714 1542 boc
735 1475 839 1542 1111111
861 1475 1004 1542 additum
1026 1473 1235 1557 easom'pserit.

381 1565 484 1646 Atque
507 1564 558 1629 bis
580 1565 732 1631 subsidiis
754 1564 846 1631 nisus
867 1565 957 1630 11111111
981 1565 1192 1646 spernendum
1215 1584 1292 1646 opus
1314 1583 1391 1629 eom-

268 1674 389 1735 ponere
416 1652 570 1735 potuisset
597 1653 649 1718 oir
676 1655 821 1736 pruriens
850 1674 888 1719 aa
917 1653 1068 1734 curiosus,
1099 1659 1134 1718 at
1165 1673 1259 1718 uerus
1287 1652 1392 1732 frater

275 1741 392 1807 Minor
413 1763 478 1808 non
500 1763 571 1808 uere
592 1742 745 1837 bistoriae
767 1742 934 1824 studiosus,
958 1745 1013 1808 secl
1026 1742 1213 1822 fabularum
1235 1762 1274 1806 ac
1295 1741 1391 1805 mira-

275 1832 418 1897 culorum
451 1830 573 1910 coldus,
609 1853 674 1897 non
712 1832 756 1896 acl
787 1831 1042 1913 inoestiaandam
1076 1829 1429 1911 conscribendamquem

274 1919 441 1985 historiam
467 1919 599 2001 patriae
627 1940 795 2003 renumque
824 1927 916 2002 atque
943 1919 1171 2002 imperatorum
1201 1918 1390 1998 intendebat,

275 2011 331 2075 secl
352 2011 396 2074 1111
415 2015 504 2092 aesta
525 2031 564 2074 ac
586 2015 713 2091 statuta,
737 2029 802 2074 non
825 2015 890 2074 tam
912 2030 989 2074 uera
1011 2029 1107 2090 qnam
1129 2009 1264 2087 conficta
1286 2013 1316 2072 et
1337 2008 1390 2072 ad·

274 2097 414 2180 inuenta,
443 2119 606 2181 paparum
635 2098 863 2180 Romanorum,
894 2099 939 2162 acl
964 2095 1134 2181 passiones
1163 2117 1201 2162 ac
1233 2096 1392 2161 miracula

274 2193 464 2268 sanctornm,
495 2187 540 2252 ccl
568 2209 606 2252 ea
635 2207 715 2269 quae
745 2187 889 2267 officinm
915 2185 1155 2252 ecclesiasticum
1177 2191 1317 2267 spectant
1338 2185 1391 2248 acl·

275 2277 427 2340 notanda.
473 2275 551 2340 Ideo
588 2296 627 2340 eu·
664 2275 744 2341 libro
778 2275 966 2341 Elkebarcli
997 2295 1119 2357 pauca,
1157 2295 1196 2339 eu
1226 2273 1429 2354 Lamputiso

275 2364 461 2428 Annalibus
477 2364 677 2446 paucissima
699 2365 859 2447 asumpsit,
883 2363 1037 2430 bistoriae
1060 2363 1193 2446 patriae
1221 2361 1270 2427 ita
1292 2363 1391 2444 ucale-

272 2473 359 2534 9ens,
387 2459 423 2517 ut
451 2475 473 2517 a
501 2453 625 2518 saeculo
646 2454 690 2536 X,
721 2476 743 2519 a
775 2473 835 2536 quo
864 2453 899 2518 bi
929 2452 1093 2518 uberrima
1115 2473 1153 2518 oc
1175 2449 1392 2533 copiosissima

269 2540 431 2623 praebent,
451 2540 593 2620 frustula
608 2542 793 2608 tenuissima
809 2563 848 2607 ea
862 2541 914 2606 bis
928 2539 1136 2622 desornmerit,
1160 2546 1195 2605 nt
1213 2561 1252 2605 eu
1267 2539 1391 2621 copiosa

275 2629 463 2695 narratione
486 2629 678 2696 Ellebarcli
707 2635 989 2696 (1.1106-1125.
1021 2629 1112 2711 nibil,
1143 2651 1182 2695 en
1207 2629 1391 2694 Annalibus

275 2717 608 2798 Erpbcsfurclensibus
630 2719 842 2785 Lotbarianis
864 2741 895 2784 a.
915 2723 1149 2783 1125-1137.
1174 2720 1252 2783 dnos
1278 2717 1429 2782 breoisu

274 2806 372 2871 simos
394 2807 484 2888 locos,
508 2813 544 2872 ut
564 2807 632 2872 iam
654 2808 732 2890 dini,
757 2829 890 2891 quonum
911 2828 995 2873 unus
1018 2808 1063 2872 1111
1078 2806 1261 2888 pontificem
1276 2805 1390 2870 Roma·

275 2917 351 2959 reum
368 2895 516 2977 pertinet,
541 2897 809 2980 transsumpserit,
832 2903 868 2963 nt
883 2917 1028 2980 nuquam
1051 2894 1282 2961 celeberrimam
1305 2896 1392 2976 apud

281 2983 464 3064 Wolfisboln
486 3006 517 3049 a.
540 2991 635 3050 1115.
660 2985 865 3067 commissam,
896 2987 934 3050 cle
956 3006 1020 3067 qua
1042 2984 1080 3049 in
1101 2983 1293 3048 Eblebarcli
1315 3003 1390 3048 uar-

274 3073 398 3138 ratione
415 3075 576 3154 permulta
599 3076 698 3158 leaere
714 3074 827 3157 potnit,
852 3081 987 3156 tempore
1013 3072 1164 3155 Greyorii
1182 3072 1263 3138 VII.
1281 3092 1390 3154 papae

273 3162 394 3241 factam
423 3183 489 3228 esse
517 3163 689 3246 empserit.
736 3164 790 3228 Ea
819 3163 1005 3246 lonamsima
1034 3168 1063 3226 et
1091 3161 1253 3227 uberrima
1275 3181 1428 3226 narra-so

274 3251 357 3316 tione
380 3251 546 3334 Lanmorti
575 3273 655 3317 suec.
675 3251 740 3317 XI.
772 3251 856 3316 nibil
884 3252 952 3331 fere
974 3257 1107 3334 praeter
1130 3249 1330 3331 paucissima
1353 3251 1390 3314 cle

266 3339 475 3420 pontificibus
493 3340 673 3405 Romanis⁵
695 3347 724 3405 et
745 3341 831 3406 inter
852 3340 929 3405 baec
950 3338 1091 3421 ineptum
1113 3339 1303 3404 miraculum
1322 3338 1389 3403 Vic-

273 3427 352 3492 tom's
367 3428 420 3493 II.
440 3449 547 3512 papae
569 3428 744 3511 exscripsit,
769 3435 903 3495 ceterum
918 3449 987 3493 eam
1009 3429 1057 3492 ita
1072 3427 1216 3509 nealcait,
1240 3427 1389 3492 111111111-

272 3515 375 3581 rioum
390 3517 456 3581 IV.
481 3537 584 3600 renem
606 3524 636 3583 et
657 3517 926 3600 archiepiscopum
946 3516 1162 3583 (boloniensem
1184 3515 1253 3581 ideo
1272 3537 1294 3582 a
1313 3515 1389 3581 Gre-

270 3605 361 3687 uorio
380 3606 461 3670 VII.
486 3627 578 3688 papa
600 3607 882 3672 encommunicatos
910 3627 975 3673 esse
998 3605 1126 3686 diceret,
1151 3606 1235 3686 qnod
1256 3626 1346 3686 papa
1368 3623 1426 3668 au

272 3693 429 3759 Romanis
445 3701 554 3777 captus
564 3695 686 3775 fuisset.
711 3695 824 3761 Mirus
839 3717 917 3761 sane
932 3694 990 3760 iste
1005 3715 1112 3759 rerum
1122 3700 1283 3776 costarum
1293 3693 1388 3774 scrip

272 3783 341 3847 tor!
376 3784 444 3848 Nec
467 3791 573 3849 tamen
595 3783 713 3849 mirum
735 3784 793 3850 boc
811 3783 850 3850 in
865 3782 924 3848 tali
938 3782 1016 3864 niro,
1040 3781 1096 3866 qui
1108 3781 1252 3865 primam
1263 3789 1389 3864 partem

271 3869 347 3935 libri
369 3871 430 3952 sui,
454 3893 518 3954 qna
541 3872 735 3938 breuiarium
757 3872 909 3939 historiae
931 3872 1098 3937 Romanae
1123 3871 1163 3935 ab
1186 3872 1263 3938 urbe
1285 3871 1389 3936 Roma

273 4045 299 4110 1)
325 4043 358 4095 Ut
375 4044 425 4095 sub
443 4046 568 4099 Adriano
586 4049 753 4115 imperatore.
792 4047 858 4099 (lum
876 4046 923 4099 boa
940 4047 995 4099 solo
1012 4046 1096 4098 codice
1113 4045 1161 4098 sub
1179 4061 1205 4099 a.
1218 4047 1279 4101 329.
1297 4044 1389 4097 babet:

272 4113 307 4168 ab
326 4113 435 4168 Helena
453 4113 687 4171 lerosolimis
705 4116 849 4172 invenitur.
922 4118 950 4184 2)
974 4117 1112 4170 Vombulr's
1130 4121 1158 4170 et
1176 4115 1292 4168 aliorum
1310 4119 1426 4169 arama

270 4189 360 4253 ipsum
389 4187 488 4240 librum
514 4189 631 4255 Frutolfi
656 4195 679 4242 et
704 4189 872 4253 Eklcebardr',
899 4203 1013 4256 quorum
1038 4190 1149 4241 uomina
1174 4189 1203 4240 iu
1228 4189 1312 4240 codice
1335 4202 1390 4239 uon

272 4257 341 4323 nan,
361 4258 446 4310 1111111
463 4259 552 4314 uoluit.
625 4262 652 4327 3)
671 4261 723 4313 Sul
740 4264 854 4326 tortasse
872 4261 902 4311 in
921 4260 986 4311 aliis
1005 4259 1084 4313 libris
1100 4261 1199 4327 reperit
1215 4261 1389 4326 paucissima,

270 4345 339 4396 quae
362 4345 396 4381 en
414 4330 464 4382 bac
481 4333 616 4399 momtpta
634 4331 718 4386 babet.
807 4333 835 4398 4)
862 4331 904 4395 Cf.
930 4331 1072 4398 Lamperti
1096 4330 1183 4399 Opera
1206 4346 1236 4397 p.
1254 4339 1281 4379 L.
1297 4339 1388 4379 uxllt.

270 4401 298 4468 b)
317 4401 408 4452 Pauca
426 4403 505 4454 ctiam
523 4401 554 4454 dc
572 4404 683 4455 Annona
702 4403 860 4457 Coloniensi.
