3214 4990
265 482 320 535 498
667 475 833 531 ORONIGA
852 475 987 533 MINOR.

269 662 343 726 dam
365 661 481 724 unuln
497 657 622 740 prioris
644 658 768 724 scribae
790 658 937 724 curceii.
987 659 1049 740 Qui
1077 664 1229 723 uetustum
1258 679 1337 723 sane
1359 663 1389 723 et

269 749 348 814 satis
377 749 491 812 bonum
521 747 637 812 librum
666 747 878 829 ueqleqentins
906 747 944 812 in
974 747 1135 829 euemplar
1157 746 1387 828 transscripsit,

267 837 376 902 mullis
396 836 520 901 utendis
542 835 658 901 librum
680 837 873 901 maculauitl
896 843 926 900 et
940 836 1134 918 praesertim
1148 857 1240 917 saepe
1258 835 1388 918 sinqula

268 927 363 991 uerba
392 926 439 989 rel
459 927 559 1007 plura
589 924 703 1006 omisd,
733 931 770 989 ut
791 925 956 1006 aliquoties
979 925 1120 1006 quaestio
1144 924 1277 1004 oriatur,
1311 946 1388 989 uum

269 1015 337 1094 loci,
361 1015 417 1096 qui
439 1013 476 1078 in
499 1015 556 1079 lioc
578 1013 682 1079 codice
705 1016 824 1094 desunt,
849 1014 886 1078 in
909 1013 1089 1079 recensione
1105 1015 1137 1078 A
1153 1014 1323 1093 defuerint,
1343 1035 1387 1078 an
1404 1046 1417 1086 5

269 1105 308 1168 ab
339 1103 396 1168 lucc
422 1109 545 1167 tantum
574 1103 680 1168 scriba
710 1101 819 1167 omissi
848 1102 921 1183 sint,
953 1109 988 1167 at
1016 1103 1073 1167 lioc
1095 1124 1187 1184 saepe
1210 1101 1388 1167 diiudicari

263 1197 373 1273 potest,
397 1192 508 1257 collato

375 1282 408 1345 A
425 1278 455 1363 2)
487 1278 648 1346 Chronico
678 1279 922 1360 Veterocellcnsi,
947 1281 1030 1361 quod
1051 1281 1147 1344 eaden
1168 1279 1389 1344 uniuersitatis

269 1369 511 1452 Lipsiensis
533 1389 583 1433 ur.
604 1373 698 1446 1314,
726 1370 854 1432 unuin.
878 1389 959 1434 saec.
979 1368 1089 1448 XIII,
1120 1368 1294 1447 ᾖ1--411Ι
1319 1389 1388 1433 con-

270 1458 356 1522 tinet,
403 1458 447 1522 In
477 1457 533 1522 hac
556 1457 640 1522 enirn
668 1457 838 1537 Olircnico,
866 1458 903 1521 de
926 1478 986 1538 qno
1009 1457 1058 1539 eqi
1083 1457 1137 1521 ίΝ.
1160 1456 1296 1522 Archin'
1328 1457 1425 1538 VI,10

263 1569 300 1629 p.
325 1552 519 1626 nol-414,
550 1566 687 1627 maquae
715 1553 827 1627 partes
855 1567 894 1610 erc
928 1545 1067 1611 cronno
1096 1545 1229 1611 Minore
1259 1545 1389 1627 primae

271 1634 464 1700 recensionis
492 1655 590 1716 usque
619 1637 664 1699 ad
692 1657 721 1699 a.
750 1640 843 1698 1261.
875 1641 904 1700 et
927 1634 1119 1716 praesertim
1148 1641 1287 1699 entrema
1320 1634 1389 1699 eius

264 1745 348 1807 pars
382 1727 422 1788 ab
452 1746 483 1789 a.
510 1729 604 1786 1219.
634 1744 739 1805 paene
769 1723 896 1805 inteqra
926 1723 1100 1805 descriptae
1129 1729 1211 1788 sunt.
1260 1723 1324 1787 Sed
1351 1723 1389 1787 iu

264 1812 431 1896 prioribus
452 1812 603 1894 partibus
629 1811 785 1878 Olu‘cnici
805 1812 1007 1892 paucissima
1029 1833 1068 1876 eac
1095 1811 1233 1878 Cronica
1256 1811 1389 1876 Minore

271 1902 309 1966 de
330 1901 582 1983 imperatoribus,
606 1921 739 1982 quornm
761 1900 929 1966 historiam
943 1901 1115 1966 monachus
1138 1900 1427 1970 Veterocellensisis

271 2011 310 2054 eu
336 1989 492 2056 Chrouiei
521 1989 714 2055 uniuersalis
738 1989 892 2054 Sacouici
918 1990 1061 2055 oudone
1083 1989 1258 2072 descripsit,
1283 1990 1389 2070 plera

271 2100 329 2161 que
358 2081 396 2144 de
421 2078 627 2160 pontificibus
649 2077 808 2143 Romanis
833 2085 978 2159 eccernta
1001 2085 1083 2143 snrct.
1131 2079 1268 2143 Numeri
1291 2097 1389 2143 auno-

271 2189 343 2232 rnm
366 2168 433 2247 fere
456 2188 562 2232 omncs
584 2166 694 2232 omissi
716 2172 799 2232 sunt.
845 2168 917 2232 Hoc
940 2167 1043 2232 codice
1070 2167 1172 2249 iqitur
1193 2166 1308 2231 iterum
1331 2167 1388 2231 col-

273 2257 337 2321 lato
359 2277 451 2338 saepe
474 2255 617 2338 coquosci
641 2256 754 2337 potuit,
786 2277 910 2337 quasa
937 2255 1044 2320 scriba
1072 2255 1189 2321 codicis
1212 2254 1389 2337 Praqensis

272 2345 386 2410 uitiata
409 2352 437 2410 et
459 2343 577 2410 omissa
599 2343 673 2424 sint,
703 2365 783 2425 quae
807 2346 991 2426 plerunque
1020 2365 1060 2408 ne
1089 2344 1241 2408 adnotari
1263 2343 1425 2424 quidunw

272 2432 315 2498 iis
344 2432 430 2514 locis,
460 2454 537 2514 quos
566 2435 661 2498 codes
690 2432 871 2514 Lipsiensis
899 2432 1039 2514 iuteqros
1068 2434 1229 2515 praebere
1278 2433 1389 2513 Neque

272 2528 377 2586 tannen
405 2521 519 2603 ulique
547 2542 656 2586 ueram
686 2521 845 2586 lectionem
875 2521 1068 2587 recensionis
1090 2523 1122 2586 A
1153 2521 1310 2601 habemus,
1333 2520 1389 2586 noi

272 2610 335 2674 Al
360 2617 390 2674 el
410 2611 476 2675 As
495 2608 696 2690 'conomiuut
721 2631 790 2674 curn
808 2617 920 2691 nouat
941 2615 970 2674 et
985 2609 1179 2692 Praqenscm
1203 2616 1232 2674 et
1253 2609 1390 2674 codicem

273 2699 467 2782 deperditum
487 2697 641 2764 Granicus
663 2699 809 2764 Minoris
827 2699 1098 2764 Vetcrccellcnsern
1120 2719 1158 2763 eu
1181 2700 1285 2764 codem
1307 2698 1390 2763 libro

272 2787 340 2853 iaus
373 2787 494 2870 aliquot
525 2787 649 2853 mendis
682 2789 867 2869 depravato,
895 2809 959 2852 non
994 2808 1032 2852 ec
1065 2786 1201 2852 diversis
1232 2787 1426 2860 codicibus„

273 2897 312 2941 eu
334 2876 530 2959 auloqraplso
552 2875 746 2941 recensionis
768 2877 798 2941 I.
824 2875 997 2958 descriptis,
1017 2876 1176 2957 profhdos
1199 2878 1295 2941 esse³.

379 2964 586 3030 Recensiouis
615 2965 747 3030 alterius
779 2964 861 3029 anui
893 2970 987 3028 1265.
1019 2963 1084 3048 (Β)
1120 2964 1245 3046 quidun
1278 2964 1390 3028 merdas

273 3056 422 3120 liabcmccs
445 3053 572 3134 codices,
597 3055 652 3118 sed
667 3073 772 3118 ornnes
789 3059 947 3135 postremo
970 3055 1015 3118 ad
1035 3075 1135 3118 nniun
1157 3052 1224 3118 iarn
1240 3055 1391 3134 depraua-

274 3150 338 3208 tum
361 3141 518 3208 simultis
540 3141 663 3206 mendis
685 3141 878 3206 maculatum
900 3141 1016 3207 librum
1031 3143 1192 3208 redeunt4.
1229 3142 1307 3206 Ideo
1326 3161 1391 3206 non

274 3390 375 3454 foetum
393 3392 438 3452 cst,
457 3402 490 3439 nc
507 3389 620 3452 numeri,
645 3391 675 3437 nt
693 3385 756 3450 fieri
771 3385 875 3451 solebat,
895 3403 912 3437 a
930 3386 998 3437 indi
1021 3393 1043 3438 et
1065 3385 1212 3452 nsqleqente
1228 3387 1317 3439 scriba
1334 3401 1427 3444 cor-no

273 3464 470 3527 rumperentur.
551 3458 577 3525 1)
596 3457 631 3508 In
649 3458 744 3509 mediis
760 3459 897 3509 smtcntiis
914 3457 993 3508 uuila
1011 3459 1091 3524 siqua
1109 3457 1287 3510 distinctionis
1300 3459 1391 3524 posita

273 3537 344 3584 sunt.
364 3560 398 3569 -
417 3530 452 3580 In
470 3528 554 3580 uerbis
572 3544 643 3581 anno
655 3526 767 3580 Domini
784 3543 887 3594 suuper
903 3528 961 3592 fere
978 3528 1107 3581 litteraA
1125 3531 1210 3582 minio
1226 3531 1328 3596 scripta
1346 3535 1391 3594 cst,

273 3617 350 3667 saepe
368 3603 446 3652 ctiam
460 3600 539 3664 falso,
558 3599 606 3650 aot
617 3615 688 3651 anno
700 3597 812 3651 Domini
830 3599 917 3650 modia
935 3601 964 3650 in
983 3602 1111 3652 muntia
1129 3601 1234 3666 leqitnr.
1289 3600 1318 3667 2)
1342 3599 1393 3652 uos·

274 3673 354 3724 roden
366 3673 415 3725 Al
428 3671 523 3722 menda
535 3669 619 3734 natu,
638 3670 687 3723 As
700 3685 760 3722 vcro
772 3685 861 3722 seram
873 3669 1013 3736 lectionuu,
1033 3671 1080 3722 isac
1091 3673 1210 3724 indicavi
1220 3671 1311 3724 addito
1325 3673 1392 3738 (non

274 3743 331 3798 As
354 3743 394 3795 oel
409 3742 463 3796 Ae
483 3745 514 3793 ut
533 3739 595 3810 ed.),
614 3756 672 3791 cnm
690 3757 743 3793 aon
762 3741 891 3792 adnotari
903 3744 1031 3809 potuerit,
1051 3758 1119 3808 quoe
1140 3744 1170 3794 in
1188 3745 1242 3798 As
1259 3749 1391 3810 mnemia,
1402 3759 1429 3800 15

275 3829 341 3881 quac
359 3815 457 3866 omissa
474 3814 536 3866 sint.
591 3812 619 3878 3)
638 3811 713 3862 Velut
725 3814 750 3863 A
760 3814 811 3867 1.2
829 3812 925 3864 habent
943 3809 1049 3865 Gother
1062 3829 1117 3881 pro
1134 3812 1249 3882 Sother3
1269 3812 1393 3866 civitates

276 3884 335 3940 Al.
346 3887 371 3951 2,
389 3883 437 3934 nbi
460 3883 559 3949 reliqui
583 3881 648 3932 liora·
671 3889 738 3934 recte
763 3881 919 3952 civitatum
947 3881 1116 3953 degradandi
1133 3884 1169 3937 ab
1187 3883 1320 3952 episcopis
1338 3887 1392 3936 trs·

276 3953 359 4006 dendi
371 3956 397 4005 A
407 3956 431 4009 1.
444 3957 470 4017 2,
490 3954 538 4004 nbi
554 3953 653 4019 reliqui
668 3961 735 4006 recte
753 3952 896 4023 degradati
913 3954 948 4007 sb
962 3972 1003 4023 ep.
1018 3953 1161 4008 tradentur
1173 3956 1276 4010 haunt.
1305 3955 1393 4007 Plura

276 4040 329 4076 uon
346 4025 425 4088 addo,
443 4027 570 4091 quoniam
589 4025 644 4092 ipsa
662 4025 742 4077 lactu
759 4027 790 4076 in
808 4033 946 4094 apparatu
964 4029 1054 4079 critico
1072 4028 1153 4092 facile
1170 4028 1256 4078 multa
1273 4029 1393 4094 nunu,

276 4095 372 4162 quibus
389 4095 436 4147 lioc
450 4095 592 4162 pronun
671 4099 699 4162 4)
717 4095 792 4158 Quod
809 4102 838 4148 nt
856 4098 1029 4150 duuonstrun
1047 4099 1151 4163 urna
1168 4099 1289 4151 nunnae
1306 4113 1430 4156 omnmo

276 4166 373 4217 codices
391 4168 570 4218 recussionnm
588 4166 622 4218 B.
640 4167 668 4217 D
690 4167 738 4219 sub
756 4169 875 4223 a.1241.
895 4169 1041 4236 persgn'na
1058 4169 1150 4222 menis
1171 4170 1211 4222 sel
1227 4185 1283 4238 per.
1302 4167 1394 4221 modis

277 4237 317 4288 ael
339 4237 445 4288 verbnm
470 4237 561 4289 menis
585 4239 644 4289 alia
661 4239 738 4290 modo
757 4245 913 4307 comptum
928 4240 1056 4307 prauum
1068 4257 1123 4308 pro
1140 4239 1286 4310 peregrina
1304 4238 1393 4293 turbs.

277 4307 332 4358 Sub
357 4309 480 4363 a.1245.
506 4309 585 4360 iidem
609 4309 715 4374 codices,
740 4310 786 4361 sui
811 4316 836 4362 ct
859 4311 941 4363 oodeu
967 4313 1063 4364 unionis
1125 4318 1202 4364 ame
1226 4313 1393 4376 recensionis,

277 4378 388 4430 hahent:
407 4376 527 4432 Olerioos
545 4379 647 4448 quippe
666 4380 794 4433 collectas
812 4380 1003 4449 multipliciter
1015 4397 1070 4448 pro
1106 4383 1202 4437 lerioos
1220 4381 1323 4451 quippe
1339 4381 1394 4435 ool-

277 4448 354 4502 lsctis
372 4452 400 4502 et
418 4447 490 4501 taliis
508 4449 626 4518 multipl.
1403 4468 1431 4509 4⁶
