3214 4990
587 492 755 550 ORONIGA
772 492 906 550 MINOR.
1251 498 1305 554 529

188 671 308 742 glorians
320 671 409 726 dicto:
425 670 540 726 ‘Urbem
554 671 727 726 latericium⁸
739 671 858 741 repperi,
875 688 1057 726 marmoream
1068 672 1211 741 relinquo’.
1239 672 1305 727 Fuit
1313 684 1370 728 m.

187 743 262 795 mitis
287 747 316 796 et
339 747 434 812 gratus
459 746 488 796 et
513 741 600 796 civilis
625 741 741 811 animib,
766 747 826 797 toto
845 759 959 812 corpore
998 743 1101 812 ulcher,
1119 743 1167 798 sed
1186 744 1304 798 maxime

188 812 282 880 oculis,
300 830 418 882 quorum
443 813 515 866 acies
539 813 750 868 clarissimorum
768 813 896 882 syderum
918 831 963 868 mo
983 831 1000 868 o
1018 814 1210 869 vibrabat⁰·*.
1246 815 1305 870 Nec

187 887 281 938 temen
305 883 351 939 hic
376 889 468 938 tantus
493 885 536 937 vir
560 885 636 938 viciis
662 885 756 940 caruit.
793 885 858 938 Fuit
883 885 955 939 enim
982 884 1145 954 paululum(¹
1166 885 1305 954 inpaciens

166 958 242 1012 cete
273 955 427 1024 macondus,
458 955 565 1010 occulte
595 954 712 1024 invidus,
740 957 832 1024 palam
862 955 1022 1024 factiosusf,
1052 956 1210 1010 dominandi
1240 974 1305 1012 vero

189 1036 292 1096 supra&
307 1043 389 1095 quam
408 1026 529 1079 estimari
541 1024 646 1096 possith
660 1026 782 1096 cupidus,
801 1027 860 1081 alec
879 1028 954 1080 lusor
970 1026 1113 1095 studiosus,
1132 1027 1305 1083 serviebat*

187 1097 310 1167 libidiui;
331 1103 388 1151 erat
407 1095 516 1151 terren¹
536 1097 695 1152 viciorum
714 1097 919 1152 severissimusk
934 1099 1015 1154 ultor.
1025 1097 1075 1132 *¹⁸³*

304 1292 332 1362 *)
350 1293 385 1345 Is
404 1292 449 1347 02
474 1295 610 1360 sepulte:
635 1291 663 1344 A
688 1292 764 1345 cuius
788 1291 859 1346 facie
884 1291 951 1346 dum
974 1291 1086 1360 quidam
1112 1293 1191 1348 miles
1211 1293 1344 1348 oculose.

348 1367 485 1416 averteret
502 1368 531 1417 st
548 1365 764 1432 interrogaretur
782 1363 817 1417 ab
836 1381 878 1430 so,
897 1380 946 1416 cur
963 1363 1003 1417 ita
1020 1363 1130 1433 laceret,
1149 1364 1304 1433 respondit:

284 1505 318 1539 n
349 1433 429 1504 ‘Quia
446 1433 550 1516 fulmen
569 1434 711 1487 oculorum
729 1437 840 1487 tuorum
854 1435 930 1516 ¹serre
948 1451 1003 1488 uon
1020 1435 1147 1503 possum'.
1165 1505 1170 1517 Ι

319 1507 329 1574 >

350 1647 422 1700 inter
439 1645 499 1700 ΧΠ
517 1646 622 1716 puellas
641 1646 774 1700 accubare
793 1647 888 1701 solitus
906 1653 974 1702 erat.

267 1717 329 1789 ***)
349 1719 385 1771 In
404 1719 451 1774 02
468 1721 605 1786 sequitur:
623 1716 712 1798 llome
730 1735 799 1786 puer
817 1735 851 1772 ex
870 1718 968 1772 ancilla
987 1723 1028 1772 eet
1045 1721 1125 1772 natus
1141 1719 1305 1788 quadrupes,
1314 1731 1344 1771 ic.

350 1788 550 1858 quadrimanus,
570 1788 656 1841 oculis
674 1787 768 1842 [mor
789 1793 824 1842 et
842 1788 952 1843 auribus
971 1792 1029 1856 4⁰¹,
1054 1795 1181 1843 naturam
1198 1789 1305 1844 virilem

348 1859 486 1928 duplicem
505 1858 640 1914 habensl.

447 1937 549 2001 Curn¹
573 1942 706 1999 Romani
733 1946 893 2000 senatores
917 1946 950 1999 et
971 1941 1091 1999 nobiles
1115 1943 1306 2001 unanimiter

350 2030 562 2089 decrevissent
585 2029 795 2088 Octavianum
818 2032 1000 2105 Augustum
1029 2030 1158 2088 adorare
1187 2035 1220 2089 et
1250 2049 1305 2106 pro

349 2119 409 2177 deo
424 2120 524 2178 colere
547 2123 642 2194 atque
665 2120 694 2176 ei
710 2119 860 2176 sacrificia
876 2119 996 2188 offerre,
1020 2125 1176 2177 venerunt
1190 2121 1307 2194 pariter

349 2207 390 2265 ad
412 2209 518 2284 ipsum
540 2209 761 2283 imperatorem
789 2208 822 2264 in
845 2225 938 2266 suum
961 2207 1118 2283 palacium
1141 2208 1239 2266 Rome
1262 2208 1305 2266 di-

349 2301 457 2355 centes
481 2297 524 2354 ei:
558 2294 635 2354 ‘Nisi
659 2297 737 2354 deus
761 2302 846 2355 esset
875 2298 908 2354 in
930 2301 972 2366 te,
996 2313 1061 2354 non
1084 2297 1215 2354 haberes
1238 2301 1306 2354 tan·

349 2389 417 2444 tam
439 2385 707 2461 pulchritudinem
722 2387 858 2460 corporis
882 2389 914 2443 et
936 2389 1004 2443 tam
1026 2402 1176 2461 magnam
1199 2390 1306 2460 poten·

348 2475 440 2544 ciam,
470 2477 596 2532 tantam
626 2476 816 2550 sapienciam
846 2492 883 2532 ac
912 2479 1036 2532 tantam
1064 2475 1305 2551 prosperitatem

348 2565 381 2622 in
412 2563 558 2621 omnibus
588 2563 709 2622 diviciis
735 2565 769 2620 in
798 2564 929 2632 munde,
959 2564 1029 2622 ideo
1065 2564 1306 2622 deliberavimus

349 2656 381 2710 et
415 2654 531 2728 pariter
553 2653 699 2710 venimus
729 2652 859 2710 adorare
888 2656 978 2711 teet
1007 2670 1063 2728 pro
1093 2653 1152 2710 deo
1182 2653 1303 2711 colere'.

348 2739 441 2813 Quod
464 2742 596 2799 audieus
618 2742 789 2816 imperator
810 2743 975 2817 obstupuit
1004 2746 1037 2800 et
1059 2743 1195 2817 acceptis
1217 2741 1306 2799 indu·

348 2832 403 2888 ciis
426 2831 552 2888 vocavit
577 2829 718 2887 Sibillam
740 2831 949 2900 Tiburtinam,
977 2847 1111 2907 querens
1140 2831 1306 2888 consilinm

348 2919 388 2976 ab
411 2936 449 2976 ea
472 2919 511 2976 de
535 2919 594 2976 hoc
616 2917 710 2976 iacto.
750 2917 818 2990 Quo
841 2919 997 2977 celebrato
1019 2919 1136 2976 ieiunio
1158 2919 1305 2977 triduano

349 3009 408 3066 enb
439 3008 566 3066 silencio
595 3008 629 3064 in
656 3007 796 3065 conclavi
818 3008 999 3082 imperatori
1022 3007 1061 3065 de
1084 3007 1157 3064 Iesu
1181 3005 1305 3065 Christo

348 3185 489 3243 adventu
510 3185 544 3242 in
562 3202 689 3243 carnem
712 3202 749 3241 ac
772 3184 812 3242 de
835 3186 903 3242 eius
926 3185 1067 3242 adventu
1090 3184 1131 3241 ad
1154 3185 1305 3241 iudicium

188 3391 210 3436 a)
223 3387 340 3428 laterluam
350 3387 378 3429 D.
419 3385 442 3437 b)
455 3386 529 3426 anlmo
543 3386 570 3428 Β,
580 3387 609 3430 1).
649 3388 669 3434 c)
683 3386 802 3426 vlbrabsut
815 3387 841 3430 B.
855 3387 903 3428 Dl.
913 3385 950 3436 1³3
965 3381 1085 3426 radiabant
1098 3386 1158 3428 121⁸.
1192 3385 1215 3434 (1)
1228 3396 1269 3426 om.
1278 3385 1306 3427 D.

188 3446 210 3485 el
223 3441 330 3482 lenlter
344 3441 387 3482 02.
401 3439 456 3482 aas.
490 3439 508 3488 l)
522 3439 582 3480 taini
596 3440 648 3491 ,413
663 3440 860 3488 facinorosorum,
875 3437 1004 3479 fastidiosus
1017 3439 1066 3491 1³83
1083 3437 1182 3478 llctlosus
1195 3439 1307 3481 Bl.b.5·.

189 3495 236 3534 Dl.
253 3493 289 3545 1¹⁵3
304 3494 401 3532 vlelosus
415 3493 475 3536 1³1¹.
485 3495 505 3536 ἲ.
544 3496 567 3543 g)
581 3494 641 3533 ultra
654 3493 683 3532 D.
731 3493 754 3543 b)
768 3497 841 3544 petest
854 3493 900 3535 Bl.
914 3493 939 3544 83
954 3497 1028 3542 posset
1042 3495 1082 3534 eal.
1095 3493 1117 3531 D
1131 3495 1179 3540 (ast.
1194 3503 1235 3534 om.
1249 3491 1306 3541 Da).

153 3555 179 3595 ω
189 3549 205 3590 Ι)
220 3559 250 3590 .n.
264 3549 344 3600 (enlm)
357 3547 400 3589 cl.
483 3547 506 3598 k)
526 3546 655 3587 ssulsslmna
671 3547 762 3595 Bl.1·;
783 3557 875 3586 seuerus
890 3546 919 3586 D.
992 3545 1009 3598 l)
1023 3546 1121 3585 babebat
1134 3557 1158 3596 a,
1172 3547 1210 3584 aad
1224 3545 1307 3585 habens

188 3603 223 3645 cr.
234 3601 254 3645 8.
264 3601 331 3650 Part,
344 3611 414 3650 ems
423 3611 448 3649 p.
457 3599 504 3650 279,
519 3601 556 3639 ubl
569 3600 604 3639 lule
617 3601 677 3639 locus
690 3601 810 3650 camptu
823 3604 860 3642 est.

188 3760 261 3826 dicit,
279 3760 409 3813 Masatos
426 3775 509 3826 usque
526 3759 563 3812 ad
578 3774 646 3814 esec.
658 3759 720 3813 XV.
733 3775 774 3813 ec.
793 3761 825 3811 ἐκ
842 3760 925 3810 missa
943 3756 971 3812 S.
984 3757 1068 3810 Pauli
1083 3763 1220 3809 mutatum
1238 3773 1307 3810 esse:

173 3835 185 3852 ‘
374 3831 504 3897 (Paulus)
533 3829 580 3883 Ad
598 3828 721 3883 Maronis
739 3829 909 3883 mausoleum

533 3901 639 3955 Ductus
657 3899 729 3954 fudit
747 3916 829 3968 super
847 3916 909 3952 eum

152 3989 180 4029 so
586 3969 654 4025 Piae
672 3988 763 4025 rorem
783 3973 928 4040 lacrymae.

534 4040 630 4112 ‘Quem
649 4042 695 4110 te’,
712 4041 811 4111 inquit,
830 4039 1025 4111 ‘reddidissem

534 4113 566 4168 Si
583 4117 612 4166 te
630 4114 723 4166 vivum
741 4112 911 4180 invenissem,

586 4183 735 4238 Poetarum
753 4183 890 4239 maxime'.

190 4257 216 4327 l)
236 4257 270 4310 In
288 4263 407 4324 sequente
424 4258 583 4310 sanaim
601 4257 761 4324 ancpls'ctum
779 4261 815 4309 eet
833 4256 1003 4308 Mircbtls’um
1022 4255 1121 4308 Romae
1138 4255 1177 4309 ed.
1189 4253 1307 4320 Par-they

154 4343 180 4384 sc
189 4345 209 4383 c.
222 4331 256 4384 37
276 4328 327 4395 (ed.
340 4329 449 4382 Jordan
466 4328 506 4396 II,
523 4345 552 4397 p.
564 4329 626 4392 ele,
644 4343 666 4380 c.
680 4330 726 4395 13)
740 4353 771 4371 =
785 4328 899 4382 Mane.
914 4327 1022 4395 Oppao,
1040 4327 1087 4382 SS.
1101 4325 1197 4392 XXII,
1211 4343 1241 4393 p.
1254 4328 1307 4381 443

192 4425 223 4444 =
249 4401 357 4454 Gerous.
385 4399 483 4454 litter.
510 4399 571 4452 Ota
592 4401 686 4468 imper.
712 4398 750 4468 II,
772 4400 814 4464 lc,
843 4399 972 4451 Leibns‘ts's'
996 4397 1043 4452 SS.
1069 4398 1103 4452 Il.
1122 4395 1306 4462 croces,

185 4487 216 4538 p.
224 4473 276 4527 927
283 4487 322 4538 aq.
342 4469 384 4534 Os.
397 4470 497 4535 Gotifr.
506 4469 602 4524 Viterb.
617 4469 688 4537 Sper.
697 4487 791 4536 rapum
802 4477 826 4524 st
836 4470 981 4536 Pantheon,
994 4469 1042 4525 SS.
1049 4468 1147 4536 XXII,
1157 4470 1237 4536 patlb.
1247 4469 1306 4523 151.

1059 4577 1095 4631 34
