<?xml version="1.0" encoding="UTF-8"?>
<!DOCTYPE html PUBLIC "-//W3C//DTD XHTML 1.0 Transitional//EN"
    "http://www.w3.org/TR/xhtml1/DTD/xhtml1-transitional.dtd">
<html xmlns="http://www.w3.org/1999/xhtml" xml:lang="en" lang="en">
 <head>
  <title>
</title>
<meta http-equiv="Content-Type" content="text/html;charset=utf-8" />
  <meta name='ocr-system' content='tesseract 3.04.00' />
  <meta name='ocr-capabilities' content='ocr_page ocr_carea ocr_par ocr_line ocrx_word'/>
</head>
<body>
  <div class='ocr_page' id='page_1' title='image "./monumentaerphes00monagoog_0786.png"; bbox 0 0 3206 4996; ppageno 0'>
   <div class='ocr_carea' id='block_1_1' title="bbox 264 375 1160 436">
    <p class='ocr_par' dir='ltr' id='par_1_1' title="bbox 264 375 1160 436">
     <span class='ocr_line' id='line_1_1' title="bbox 264 375 1160 436; baseline -0.002 0"><span class='ocrx_word' id='word_1_1' title='bbox 264 381 316 436; x_wconf 84' lang='grc'><strong>776</strong></span> <span class='ocrx_word' id='word_1_2' title='bbox 484 377 602 432; x_wconf 78' lang='lat' dir='ltr'><strong>LIBER</strong></span> <span class='ocrx_word' id='word_1_3' title='bbox 620 377 872 433; x_wconf 80' lang='lat' dir='ltr'><strong>GRONIGORUM</strong></span> <span class='ocrx_word' id='word_1_4' title='bbox 890 375 1160 434; x_wconf 76' lang='lat' dir='ltr'><strong>ERFORDENSIS.</strong></span> 
     </span>
    </p>
   </div>
   <div class='ocr_carea' id='block_1_2' title="bbox 93 553 1425 1470">
    <p class='ocr_par' dir='ltr' id='par_1_2' title="bbox 93 553 1425 1470">
     <span class='ocr_line' id='line_1_2' title="bbox 93 553 1385 624; baseline -0.001 -16"><span class='ocrx_word' id='word_1_5' title='bbox 93 559 427 610; x_wconf 67' lang='lat' dir='ltr'><strong>aaraumtruetsa</strong></span> <span class='ocrx_word' id='word_1_6' title='bbox 449 554 509 624; x_wconf 82' lang='lat' dir='ltr'><strong>fuit,</strong></span> <span class='ocrx_word' id='word_1_7' title='bbox 535 555 595 624; x_wconf 93' lang='lat' dir='ltr'><strong>qui</strong></span> <span class='ocrx_word' id='word_1_8' title='bbox 620 555 763 624; x_wconf 89' lang='lat' dir='ltr'><strong>quidem</strong></span> <span class='ocrx_word' id='word_1_9' title='bbox 789 553 897 608; x_wconf 85' lang='lat' dir='ltr'><strong>ordob</strong></span> <span class='ocrx_word' id='word_1_10' title='bbox 920 554 1108 608; x_wconf 86' lang='lat' dir='ltr'><strong>exordium</strong></span> <span class='ocrx_word' id='word_1_11' title='bbox 1131 553 1262 608; x_wconf 79' lang='lat' dir='ltr'><strong>habuit</strong></span> <span class='ocrx_word' id='word_1_12' title='bbox 1280 571 1296 608; x_wconf 88' lang='lat' dir='ltr'><strong>a</strong></span> <span class='ocrx_word' id='word_1_13' title='bbox 1314 553 1385 608; x_wconf 84' lang='lat' dir='ltr'><strong>Ger·</strong></span> 
     </span>
     <span class='ocr_line' id='line_1_3' title="bbox 264 623 1386 696; baseline -0.004 -16"><span class='ocrx_word' id='word_1_14' title='bbox 264 626 356 680; x_wconf 87' lang='lat' dir='ltr'><strong>hardo</strong></span> <span class='ocrx_word' id='word_1_15' title='bbox 376 625 528 696; x_wconf 75' lang='lat' dir='ltr'><strong>Sagarelli0</strong></span> <span class='ocrx_word' id='word_1_16' title='bbox 551 627 662 679; x_wconf 87' lang='lat' dir='ltr'><strong>nomine</strong></span> <span class='ocrx_word' id='word_1_17' title='bbox 687 626 721 680; x_wconf 91' lang='lat' dir='ltr'><strong>de</strong></span> <span class='ocrx_word' id='word_1_18' title='bbox 739 623 860 678; x_wconf 73' lang='grc' dir='ltr'><strong>Ριιιιιιιι(1</strong></span> <span class='ocrx_word' id='word_1_19' title='bbox 884 655 916 665; x_wconf 90' lang='lat'>-</span> <span class='ocrx_word' id='word_1_20' title='bbox 938 655 969 665; x_wconf 93' lang='lat'><em>-</em></span> <span class='ocrx_word' id='word_1_21' title='bbox 989 625 1068 678; x_wconf 86' lang='lat' dir='ltr'><strong>nudis</strong></span> <span class='ocrx_word' id='word_1_22' title='bbox 1086 624 1201 694; x_wconf 87' lang='lat' dir='ltr'><strong>pedibus</strong></span> <span class='ocrx_word' id='word_1_23' title='bbox 1219 625 1386 679; x_wconf 75' lang='lat' dir='ltr'><strong>incedebant</strong></span> 
     </span>
     <span class='ocr_line' id='line_1_4' title="bbox 265 695 1385 766; baseline -0.001 -17"><span class='ocrx_word' id='word_1_24' title='bbox 265 697 342 766; x_wconf 89' lang='lat' dir='ltr'><strong>ipse</strong></span> <span class='ocrx_word' id='word_1_25' title='bbox 368 703 402 751; x_wconf 89' lang='lat' dir='ltr'><strong>et</strong></span> <span class='ocrx_word' id='word_1_26' title='bbox 423 696 476 750; x_wconf 89' lang='lat' dir='ltr'><strong>sui</strong></span> <span class='ocrx_word' id='word_1_27' title='bbox 495 697 681 766; x_wconf 90' lang='lat' dir='ltr'><strong>discipuli.</strong></span> <span class='ocrx_word' id='word_1_28' title='bbox 718 695 806 750; x_wconf 82' lang='lat' dir='ltr'><strong>Erant</strong></span> <span class='ocrx_word' id='word_1_29' title='bbox 823 701 916 750; x_wconf 86' lang='lat' dir='ltr'><strong>tamen</strong></span> <span class='ocrx_word' id='word_1_30' title='bbox 933 696 1100 750; x_wconf 89' lang='lat' dir='ltr'><strong>interius-</strong></span> <span class='ocrx_word' id='word_1_31' title='bbox 1122 726 1155 736; x_wconf 92' lang='lat'>-</span> <span class='ocrx_word' id='word_1_32' title='bbox 1176 712 1215 748; x_wconf 82' lang='lat' dir='ltr'><strong>ex</strong></span> <span class='ocrx_word' id='word_1_33' title='bbox 1234 699 1300 748; x_wconf 89' lang='lat' dir='ltr'><strong>toto</strong></span> <span class='ocrx_word' id='word_1_34' title='bbox 1319 712 1385 749; x_wconf 89' lang='lat' dir='ltr'><strong>con-</strong></span> 
     </span>
     <span class='ocr_line' id='line_1_5' title="bbox 266 766 1386 849; baseline -0.003 -28"><span class='ocrx_word' id='word_1_35' title='bbox 266 767 427 849; x_wconf 81' lang='lat' dir='ltr'><strong>dempnavit</strong></span> <span class='ocrx_word' id='word_1_36' title='bbox 456 771 493 821; x_wconf 88' lang='lat' dir='ltr'><strong>et</strong></span> <span class='ocrx_word' id='word_1_37' title='bbox 518 784 583 836; x_wconf 91' lang='lat' dir='ltr'><strong>per</strong></span> <span class='ocrx_word' id='word_1_38' title='bbox 608 766 706 820; x_wconf 83' lang='lat' dir='ltr'><strong>iratres</strong></span> <span class='ocrx_word' id='word_1_39' title='bbox 732 767 953 832; x_wconf 72' lang='lat' dir='ltr'><strong>Predicatores⁶‚</strong></span> <span class='ocrx_word' id='word_1_40' title='bbox 979 766 1152 834; x_wconf 76' lang='lat' dir='ltr'><strong>inquisitores</strong></span> <span class='ocrx_word' id='word_1_41' title='bbox 1178 767 1298 820; x_wconf 78' lang='lat' dir='ltr'><strong>heretice</strong></span> <span class='ocrx_word' id='word_1_42' title='bbox 1322 783 1386 835; x_wconf 83' lang='lat' dir='ltr'><strong>pra-</strong></span> 
     </span>
     <span class='ocr_line' id='line_1_6' title="bbox 264 835 1409 906; baseline -0.001 -14"><span class='ocrx_word' id='word_1_43' title='bbox 264 839 356 892; x_wconf 79' lang='lat' dir='ltr'><strong>vitatis</strong></span> <span class='ocrx_word' id='word_1_44' title='bbox 383 838 411 890; x_wconf 92' lang='lat' dir='ltr'><strong>in</strong></span> <span class='ocrx_word' id='word_1_45' title='bbox 436 835 625 891; x_wconf 74' lang='lat' dir='ltr'><strong>Lombardiaf</strong></span> <span class='ocrx_word' id='word_1_46' title='bbox 646 838 869 905; x_wconf 86' lang='lat' dir='ltr'><strong>existentes,</strong></span> <span class='ocrx_word' id='word_1_47' title='bbox 894 836 1079 906; x_wconf 88' lang='lat' dir='ltr'><strong>deprehensus</strong></span> <span class='ocrx_word' id='word_1_48' title='bbox 1104 841 1132 891; x_wconf 91' lang='lat' dir='ltr'><strong>et</strong></span> <span class='ocrx_word' id='word_1_49' title='bbox 1160 838 1318 891; x_wconf 80' lang='lat' dir='ltr'><strong>combustus</strong></span> <span class='ocrx_word' id='word_1_50' title='bbox 1344 841 1409 891; x_wconf 78' lang='lat' dir='ltr'><strong>este</strong></span> 
     </span>
     <span class='ocr_line' id='line_1_7' title="bbox 263 906 1384 976; baseline 0 -14"><span class='ocrx_word' id='word_1_51' title='bbox 263 926 314 976; x_wconf 88' lang='lat' dir='ltr'><strong>per</strong></span> <span class='ocrx_word' id='word_1_52' title='bbox 331 909 465 962; x_wconf 71' lang='lat' dir='ltr'><strong>iratreme</strong></span> <span class='ocrx_word' id='word_1_53' title='bbox 486 907 663 962; x_wconf 83' lang='lat' dir='ltr'><strong>Manfredum</strong></span> <span class='ocrx_word' id='word_1_54' title='bbox 681 907 857 960; x_wconf 87' lang='lat' dir='ltr'><strong>Parmensem</strong></span> <span class='ocrx_word' id='word_1_55' title='bbox 882 907 911 960; x_wconf 91' lang='lat' dir='ltr'><strong>in</strong></span> <span class='ocrx_word' id='word_1_56' title='bbox 931 908 1037 976; x_wconf 84' lang='lat' dir='ltr'><strong>palacio</strong></span> <span class='ocrx_word' id='word_1_57' title='bbox 1057 906 1197 976; x_wconf 80' lang='lat' dir='ltr'><strong>episcopill</strong></span> <span class='ocrx_word' id='word_1_58' title='bbox 1219 907 1384 962; x_wconf 76' lang='lat' dir='ltr'><strong>Parmensis.</strong></span> 
     </span>
     <span class='ocr_line' id='line_1_8' title="bbox 264 977 1385 1033; baseline -0.002 -1"><span class='ocrx_word' id='word_1_59' title='bbox 264 977 328 1032; x_wconf 77' lang='lat' dir='ltr'><strong>(lui</strong></span> <span class='ocrx_word' id='word_1_60' title='bbox 356 977 516 1033; x_wconf 83' lang='lat' dir='ltr'><strong>Gerhardoi</strong></span> <span class='ocrx_word' id='word_1_61' title='bbox 543 978 731 1032; x_wconf 88' lang='lat' dir='ltr'><strong>combusto</strong></span> <span class='ocrx_word' id='word_1_62' title='bbox 758 979 887 1032; x_wconf 91' lang='lat' dir='ltr'><strong>suecessit</strong></span> <span class='ocrx_word' id='word_1_63' title='bbox 914 978 1046 1032; x_wconf 88' lang='lat' dir='ltr'><strong>Dulcinus</strong></span> <span class='ocrx_word' id='word_1_64' title='bbox 1074 978 1262 1032; x_wconf 86' lang='lat' dir='ltr'><strong>hereticus</strong></span> <span class='ocrx_word' id='word_1_65' title='bbox 1292 977 1385 1030; x_wconf 83' lang='lat' dir='ltr'><strong>Nora-</strong></span> 
     </span>
     <span class='ocr_line' id='line_1_9' title="bbox 264 1048 1386 1118; baseline -0.001 -16"><span class='ocrx_word' id='word_1_66' title='bbox 264 1048 381 1102; x_wconf 71' lang='lat' dir='ltr'><strong>nemisk</strong></span> <span class='ocrx_word' id='word_1_67' title='bbox 401 1049 530 1118; x_wconf 86' lang='lat' dir='ltr'><strong>dyocesis,</strong></span> <span class='ocrx_word' id='word_1_68' title='bbox 556 1065 626 1101; x_wconf 85' lang='lat' dir='ltr'><strong>unua</strong></span> <span class='ocrx_word' id='word_1_69' title='bbox 653 1065 687 1101; x_wconf 82' lang='lat' dir='ltr'><strong>ex</strong></span> <span class='ocrx_word' id='word_1_70' title='bbox 712 1049 850 1117; x_wconf 80' lang='lat' dir='ltr'><strong>discipulis</strong></span> <span class='ocrx_word' id='word_1_71' title='bbox 875 1049 938 1117; x_wconf 89' lang='lat' dir='ltr'><strong>suis,</strong></span> <span class='ocrx_word' id='word_1_72' title='bbox 964 1049 1024 1118; x_wconf 94' lang='lat' dir='ltr'><strong>qui</strong></span> <span class='ocrx_word' id='word_1_73' title='bbox 1040 1049 1129 1102; x_wconf 89' lang='lat' dir='ltr'><strong>multa</strong></span> <span class='ocrx_word' id='word_1_74' title='bbox 1146 1049 1223 1101; x_wconf 90' lang='lat' dir='ltr'><strong>milia</strong></span> <span class='ocrx_word' id='word_1_75' title='bbox 1241 1049 1386 1101; x_wconf 91' lang='lat' dir='ltr'><strong>hominum</strong></span> 
     </span>
     <span class='ocr_line' id='line_1_10' title="bbox 264 1117 1386 1188; baseline -0.003 -14"><span class='ocrx_word' id='word_1_76' title='bbox 264 1121 404 1188; x_wconf 85' lang='lat' dir='ltr'><strong>utriusque</strong></span> <span class='ocrx_word' id='word_1_77' title='bbox 422 1137 502 1173; x_wconf 88' lang='lat' dir='ltr'><strong>sexus</strong></span> <span class='ocrx_word' id='word_1_78' title='bbox 520 1119 548 1172; x_wconf 88' lang='lat' dir='ltr'><strong>in</strong></span> <span class='ocrx_word' id='word_1_79' title='bbox 566 1118 685 1172; x_wconf 86' lang='lat' dir='ltr'><strong>aectaml</strong></span> <span class='ocrx_word' id='word_1_80' title='bbox 704 1136 782 1172; x_wconf 87' lang='lat' dir='ltr'><strong>suam</strong></span> <span class='ocrx_word' id='word_1_81' title='bbox 801 1123 829 1172; x_wconf 89' lang='lat' dir='ltr'><strong>et</strong></span> <span class='ocrx_word' id='word_1_82' title='bbox 846 1119 964 1173; x_wconf 88' lang='lat' dir='ltr'><strong>heresim</strong></span> <span class='ocrx_word' id='word_1_83' title='bbox 983 1119 1120 1174; x_wconf 81' lang='lat' dir='ltr'><strong>adunavit.</strong></span> <span class='ocrx_word' id='word_1_84' title='bbox 1157 1117 1274 1188; x_wconf 78' lang='lat' dir='ltr'><strong>Scripsit</strong></span> <span class='ocrx_word' id='word_1_85' title='bbox 1291 1123 1386 1172; x_wconf 88' lang='lat' dir='ltr'><strong>autem</strong></span> 
     </span>
     <span class='ocr_line' id='line_1_11' title="bbox 263 1189 1425 1259; baseline -0.001 -15"><span class='ocrx_word' id='word_1_86' title='bbox 263 1191 386 1259; x_wconf 84' lang='lat' dir='ltr'><strong>prefatus</strong></span> <span class='ocrx_word' id='word_1_87' title='bbox 410 1189 541 1244; x_wconf 89' lang='lat' dir='ltr'><strong>Dulcinus</strong></span> <span class='ocrx_word' id='word_1_88' title='bbox 569 1190 697 1258; x_wconf 87' lang='lat' dir='ltr'><strong>epistolas</strong></span> <span class='ocrx_word' id='word_1_89' title='bbox 723 1193 788 1256; x_wconf 85' lang='lat' dir='ltr'><strong>tres,</strong></span> <span class='ocrx_word' id='word_1_90' title='bbox 816 1190 844 1242; x_wconf 91' lang='lat' dir='ltr'><strong>in</strong></span> <span class='ocrx_word' id='word_1_91' title='bbox 871 1191 910 1243; x_wconf 88' lang='lat' dir='ltr'><strong>eis</strong></span> <span class='ocrx_word' id='word_1_92' title='bbox 934 1191 1061 1258; x_wconf 90' lang='lat' dir='ltr'><strong>nequiter</strong></span> <span class='ocrx_word' id='word_1_93' title='bbox 1086 1190 1204 1243; x_wconf 80' lang='lat' dir='ltr'><strong>delirans</strong></span> <span class='ocrx_word' id='word_1_94' title='bbox 1229 1193 1257 1243; x_wconf 88' lang='lat' dir='ltr'><strong>et</strong></span> <span class='ocrx_word' id='word_1_95' title='bbox 1275 1190 1385 1258; x_wconf 82' lang='lat' dir='ltr'><strong>copiose</strong></span> <span class='ocrx_word' id='word_1_96' title='bbox 1398 1205 1425 1243; x_wconf 83' lang='lat' dir='ltr'><strong>so</strong></span> 
     </span>
     <span class='ocr_line' id='line_1_12' title="bbox 146 1258 1384 1327; baseline -0.003 -10"><span class='ocrx_word' id='word_1_97' title='bbox 146 1269 398 1318; x_wconf 56' lang='lat' dir='ltr'><strong>‘hawterrsna</strong></span> <span class='ocrx_word' id='word_1_98' title='bbox 425 1291 459 1300; x_wconf 91' lang='lat'>—</span> <span class='ocrx_word' id='word_1_99' title='bbox 478 1291 513 1300; x_wconf 97' lang='lat'><strong>—</strong></span> <span class='ocrx_word' id='word_1_100' title='bbox 538 1258 576 1313; x_wconf 79' lang='lat' dir='ltr'><strong>Et</strong></span> <span class='ocrx_word' id='word_1_101' title='bbox 600 1261 682 1313; x_wconf 86' lang='lat' dir='ltr'><strong>istem</strong></span> <span class='ocrx_word' id='word_1_102' title='bbox 701 1264 787 1313; x_wconf 91' lang='lat' dir='ltr'><strong>status</strong></span> <span class='ocrx_word' id='word_1_103' title='bbox 811 1265 923 1327; x_wconf 88' lang='lat' dir='ltr'><strong>quartus</strong></span> <span class='ocrx_word' id='word_1_104' title='bbox 948 1265 976 1314; x_wconf 92' lang='lat' dir='ltr'><strong>et</strong></span> <span class='ocrx_word' id='word_1_105' title='bbox 1002 1260 1122 1315; x_wconf 91' lang='lat' dir='ltr'><strong>ultimus.</strong></span> <span class='ocrx_word' id='word_1_106' title='bbox 1158 1259 1193 1312; x_wconf 92' lang='lat' dir='ltr'><strong>In</strong></span> <span class='ocrx_word' id='word_1_107' title='bbox 1212 1260 1271 1312; x_wconf 88' lang='lat' dir='ltr'><strong>aliis</strong></span> <span class='ocrx_word' id='word_1_108' title='bbox 1296 1258 1384 1313; x_wconf 86' lang='lat' dir='ltr'><strong>eciam</strong></span> 
     </span>
     <span class='ocr_line' id='line_1_13' title="bbox 264 1330 1385 1400; baseline -0.004 -13"><span class='ocrx_word' id='word_1_109' title='bbox 264 1332 385 1400; x_wconf 89' lang='lat' dir='ltr'><strong>epistolis</strong></span> <span class='ocrx_word' id='word_1_110' title='bbox 404 1347 509 1385; x_wconf 88' lang='lat' dir='ltr'><strong>errores</strong></span> <span class='ocrx_word' id='word_1_111' title='bbox 526 1331 628 1384; x_wconf 88' lang='lat' dir='ltr'><strong>multos</strong></span> <span class='ocrx_word' id='word_1_112' title='bbox 646 1331 732 1400; x_wconf 89' lang='lat' dir='ltr'><strong>ponit.</strong></span> <span class='ocrx_word' id='word_1_113' title='bbox 769 1330 900 1399; x_wconf 87' lang='lat' dir='ltr'><strong>Inprimis</strong></span> <span class='ocrx_word' id='word_1_114' title='bbox 917 1330 1071 1384; x_wconf 86' lang='lat' dir='ltr'><strong>docuenmt</strong></span> <span class='ocrx_word' id='word_1_115' title='bbox 1089 1331 1214 1398; x_wconf 87' lang='lat' dir='ltr'><strong>latenter,</strong></span> <span class='ocrx_word' id='word_1_116' title='bbox 1233 1330 1307 1398; x_wconf 91' lang='lat' dir='ltr'><strong>quod</strong></span> <span class='ocrx_word' id='word_1_117' title='bbox 1325 1335 1385 1384; x_wconf 87' lang='lat' dir='ltr'><strong>tota</strong></span> 
     </span>
     <span class='ocr_line' id='line_1_14' title="bbox 265 1400 1386 1470; baseline -0.003 -14"><span class='ocrx_word' id='word_1_118' title='bbox 265 1403 412 1456; x_wconf 84' lang='lat' dir='ltr'><strong>auctoritas</strong></span> <span class='ocrx_word' id='word_1_119' title='bbox 427 1433 457 1441; x_wconf 97' lang='lat'>-</span> <span class='ocrx_word' id='word_1_120' title='bbox 473 1433 506 1442; x_wconf 99' lang='lat'>-</span> <span class='ocrx_word' id='word_1_121' title='bbox 519 1401 612 1456; x_wconf 86' lang='lat' dir='ltr'><strong>vivere</strong></span> <span class='ocrx_word' id='word_1_122' title='bbox 630 1401 782 1470; x_wconf 78' lang='lat' dir='ltr'><strong>quemlibet</strong></span> <span class='ocrx_word' id='word_1_123' title='bbox 799 1402 828 1454; x_wconf 89' lang='lat' dir='ltr'><strong>in</strong></span> <span class='ocrx_word' id='word_1_124' title='bbox 846 1419 895 1455; x_wconf 87' lang='lat' dir='ltr'><strong>sua</strong></span> <span class='ocrx_word' id='word_1_125' title='bbox 913 1402 1047 1460; x_wconf 85' lang='lat' dir='ltr'><strong>libertate¹</strong></span> <span class='ocrx_word' id='word_1_126' title='bbox 1084 1401 1157 1455; x_wconf 87' lang='lat' dir='ltr'><strong>Item</strong></span> <span class='ocrx_word' id='word_1_127' title='bbox 1177 1400 1250 1469; x_wconf 91' lang='lat' dir='ltr'><strong>quod</strong></span> <span class='ocrx_word' id='word_1_128' title='bbox 1268 1400 1386 1468; x_wconf 88' lang='lat' dir='ltr'><strong>quilibet</strong></span> 
     </span>
    </p>
   </div>
   <div class='ocr_carea' id='block_1_3' title="bbox 264 1477 1384 1559">
    <p class='ocr_par' dir='ltr' id='par_1_3' title="bbox 264 1477 1384 1559">
     <span class='ocr_line' id='line_1_15' title="bbox 264 1477 1384 1559; baseline -0.003 -17"><span class='ocrx_word' id='word_1_129' title='bbox 264 1490 347 1544; x_wconf 93' lang='lat' dir='ltr'><strong>homo</strong></span> <span class='ocrx_word' id='word_1_130' title='bbox 376 1519 406 1530; x_wconf 90' lang='lat'>—</span> <span class='ocrx_word' id='word_1_131' title='bbox 433 1507 515 1558; x_wconf 84' lang='lat' dir='ltr'><strong>quam</strong></span> <span class='ocrx_word' id='word_1_132' title='bbox 539 1493 678 1543; x_wconf 91' lang='lat' dir='ltr'><strong>mortuum</strong></span> <span class='ocrx_word' id='word_1_133' title='bbox 704 1489 842 1558; x_wconf 83' lang='lat' dir='ltr'><strong>suscitare,</strong></span> <span class='ocrx_word' id='word_1_134' title='bbox 871 1482 906 1542; x_wconf 78' lang='lat' dir='ltr'><strong>et</strong></span> <span class='ocrx_word' id='word_1_135' title='bbox 934 1479 1003 1541; x_wconf 82' lang='lat' dir='ltr'><strong>sion</strong></span> <span class='ocrx_word' id='word_1_136' title='bbox 1030 1477 1141 1541; x_wconf 82' lang='lat' dir='ltr'><strong>multa</strong></span> <span class='ocrx_word' id='word_1_137' title='bbox 1165 1478 1292 1554; x_wconf 80' lang='lat' dir='ltr'><strong>docuit,</strong></span> <span class='ocrx_word' id='word_1_138' title='bbox 1317 1497 1384 1559; x_wconf 84' lang='lat' dir='ltr'><strong>que</strong></span> 
     </span>
    </p>
   </div>
   <div class='ocr_carea' id='block_1_4' title="bbox 95 1566 1423 3200">
    <p class='ocr_par' dir='ltr' id='par_1_4' title="bbox 95 1566 1423 3200">
     <span class='ocr_line' id='line_1_16' title="bbox 265 1566 1423 1650; baseline 0 -20"><span class='ocrx_word' id='word_1_139' title='bbox 265 1587 423 1630; x_wconf 75' lang='lat' dir='ltr'><strong>enarrare</strong></span> <span class='ocrx_word' id='word_1_140' title='bbox 453 1566 596 1650; x_wconf 83' lang='lat' dir='ltr'><strong>longum</strong></span> <span class='ocrx_word' id='word_1_141' title='bbox 627 1569 713 1629; x_wconf 78' lang='lat' dir='ltr'><strong>esl⁰.</strong></span> <span class='ocrx_word' id='word_1_142' title='bbox 759 1577 829 1630; x_wconf 88' lang='lat' dir='ltr'><strong>Hic</strong></span> <span class='ocrx_word' id='word_1_143' title='bbox 856 1577 987 1630; x_wconf 89' lang='lat' dir='ltr'><strong>Dulcinus</strong></span> <span class='ocrx_word' id='word_1_144' title='bbox 1014 1577 1103 1631; x_wconf 88' lang='lat' dir='ltr'><strong>tenuit</strong></span> <span class='ocrx_word' id='word_1_145' title='bbox 1131 1581 1159 1630; x_wconf 86' lang='lat' dir='ltr'><strong>et</strong></span> <span class='ocrx_word' id='word_1_146' title='bbox 1185 1593 1278 1630; x_wconf 90' lang='lat' dir='ltr'><strong>secum</strong></span> <span class='ocrx_word' id='word_1_147' title='bbox 1306 1577 1386 1630; x_wconf 86' lang='lat' dir='ltr'><strong>duxit</strong></span> <span class='ocrx_word' id='word_1_148' title='bbox 1397 1591 1423 1630; x_wconf 72' lang='grc' dir='ltr'><strong>ιι)</strong></span> 
     </span>
     <span class='ocr_line' id='line_1_17' title="bbox 265 1647 1385 1718; baseline 0 -16"><span class='ocrx_word' id='word_1_149' title='bbox 265 1649 395 1703; x_wconf 85' lang='lat' dir='ltr'><strong>amasiam</strong></span> <span class='ocrx_word' id='word_1_150' title='bbox 414 1660 531 1703; x_wconf 73' lang='lat' dir='ltr'><strong>suamr</strong></span> <span class='ocrx_word' id='word_1_151' title='bbox 554 1649 664 1702; x_wconf 91' lang='lat' dir='ltr'><strong>nomine</strong></span> <span class='ocrx_word' id='word_1_152' title='bbox 682 1647 879 1718; x_wconf 79' lang='lat' dir='ltr'><strong>Margaretam,</strong></span> <span class='ocrx_word' id='word_1_153' title='bbox 898 1665 980 1717; x_wconf 91' lang='lat' dir='ltr'><strong>qnam</strong></span> <span class='ocrx_word' id='word_1_154' title='bbox 1005 1648 1115 1701; x_wconf 89' lang='lat' dir='ltr'><strong>dicebat</strong></span> <span class='ocrx_word' id='word_1_155' title='bbox 1139 1665 1168 1701; x_wconf 91' lang='lat' dir='ltr'><strong>se</strong></span> <span class='ocrx_word' id='word_1_156' title='bbox 1192 1652 1286 1701; x_wconf 90' lang='lat' dir='ltr'><strong>tenere</strong></span> <span class='ocrx_word' id='word_1_157' title='bbox 1307 1665 1385 1702; x_wconf 88' lang='lat' dir='ltr'><strong>more</strong></span> 
     </span>
     <span class='ocr_line' id='line_1_18' title="bbox 265 1717 1385 1788; baseline -0.001 -16"><span class='ocrx_word' id='word_1_158' title='bbox 265 1720 365 1773; x_wconf 90' lang='lat' dir='ltr'><strong>sororis</strong></span> <span class='ocrx_word' id='word_1_159' title='bbox 387 1721 416 1772; x_wconf 90' lang='lat' dir='ltr'><strong>in</strong></span> <span class='ocrx_word' id='word_1_160' title='bbox 435 1717 559 1788; x_wconf 79' lang='lat' dir='ltr'><strong>Christo;</strong></span> <span class='ocrx_word' id='word_1_161' title='bbox 585 1722 620 1773; x_wconf 91' lang='lat' dir='ltr'><strong>et</strong></span> <span class='ocrx_word' id='word_1_162' title='bbox 645 1718 796 1772; x_wconf 90' lang='lat' dir='ltr'><strong>similiter</strong></span> <span class='ocrx_word' id='word_1_163' title='bbox 814 1719 879 1772; x_wconf 90' lang='lat' dir='ltr'><strong>alii</strong></span> <span class='ocrx_word' id='word_1_164' title='bbox 897 1735 1025 1787; x_wconf 80' lang='lat' dir='ltr'><strong>sequaces</strong></span> <span class='ocrx_word' id='word_1_165' title='bbox 1043 1719 1098 1771; x_wconf 91' lang='lat' dir='ltr'><strong>sui</strong></span> <span class='ocrx_word' id='word_1_166' title='bbox 1116 1719 1253 1772; x_wconf 81' lang='lat' dir='ltr'><strong>ducebant</strong></span> <span class='ocrx_word' id='word_1_167' title='bbox 1271 1719 1385 1772; x_wconf 84' lang='lat' dir='ltr'><strong>amasias</strong></span> 
     </span>
     <span class='ocr_line' id='line_1_19' title="bbox 264 1788 1385 1859; baseline -0.003 -16"><span class='ocrx_word' id='word_1_168' title='bbox 264 1807 353 1845; x_wconf 90' lang='lat' dir='ltr'><strong>suas.</strong></span> <span class='ocrx_word' id='word_1_169' title='bbox 391 1789 427 1843; x_wconf 83' lang='lat' dir='ltr'><strong>Ilt</strong></span> <span class='ocrx_word' id='word_1_170' title='bbox 453 1790 515 1858; x_wconf 89' lang='lat' dir='ltr'><strong>quia</strong></span> <span class='ocrx_word' id='word_1_171' title='bbox 541 1789 708 1858; x_wconf 86' lang='lat' dir='ltr'><strong>deprehensa</strong></span> <span class='ocrx_word' id='word_1_172' title='bbox 733 1789 786 1841; x_wconf 81' lang='lat' dir='ltr'><strong>fuit</strong></span> <span class='ocrx_word' id='word_1_173' title='bbox 811 1805 869 1842; x_wconf 87' lang='lat' dir='ltr'><strong>esse</strong></span> <span class='ocrx_word' id='word_1_174' title='bbox 893 1788 1015 1859; x_wconf 79' lang='lat' dir='ltr'><strong>gravida,</strong></span> <span class='ocrx_word' id='word_1_175' title='bbox 1039 1789 1098 1857; x_wconf 87' lang='lat' dir='ltr'><strong>ipse</strong></span> <span class='ocrx_word' id='word_1_176' title='bbox 1124 1793 1152 1842; x_wconf 92' lang='lat' dir='ltr'><strong>et</strong></span> <span class='ocrx_word' id='word_1_177' title='bbox 1170 1789 1211 1841; x_wconf 91' lang='lat' dir='ltr'><strong>sui</strong></span> <span class='ocrx_word' id='word_1_178' title='bbox 1229 1789 1385 1842; x_wconf 85' lang='lat' dir='ltr'><strong>asserebant</strong></span> 
     </span>
     <span class='ocr_line' id='line_1_20' title="bbox 264 1859 1385 1930; baseline -0.002 -16"><span class='ocrx_word' id='word_1_179' title='bbox 264 1877 325 1914; x_wconf 84' lang='lat' dir='ltr'><strong>eam</strong></span> <span class='ocrx_word' id='word_1_180' title='bbox 340 1860 482 1930; x_wconf 80' lang='lat' dir='ltr'><strong>gravidam</strong></span> <span class='ocrx_word' id='word_1_181' title='bbox 496 1859 848 1928; x_wconf 75' lang='lat' dir='ltr'><strong>essedaspiritusancu,</strong></span> <span class='ocrx_word' id='word_1_182' title='bbox 867 1863 902 1913; x_wconf 90' lang='lat' dir='ltr'><strong>et</strong></span> <span class='ocrx_word' id='word_1_183' title='bbox 919 1860 1097 1913; x_wconf 89' lang='lat' dir='ltr'><strong>similiter</strong></span> <span class='ocrx_word' id='word_1_184' title='bbox 1116 1859 1182 1912; x_wconf 89' lang='lat' dir='ltr'><strong>alii</strong></span> <span class='ocrx_word' id='word_1_185' title='bbox 1201 1860 1385 1913; x_wconf 89' lang='lat' dir='ltr'><strong>asserebant</strong></span> 
     </span>
     <span class='ocr_line' id='line_1_21' title="bbox 264 1930 1421 1998; baseline -0.003 -14"><span class='ocrx_word' id='word_1_186' title='bbox 264 1931 440 1997; x_wconf 77' lang='lat' dir='ltr'><strong>mendaciter,</strong></span> <span class='ocrx_word' id='word_1_187' title='bbox 459 1931 599 1998; x_wconf 91' lang='lat' dir='ltr'><strong>quando</strong></span> <span class='ocrx_word' id='word_1_188' title='bbox 618 1948 680 1983; x_wconf 91' lang='lat' dir='ltr'><strong>cum</strong></span> <span class='ocrx_word' id='word_1_189' title='bbox 699 1930 773 1983; x_wconf 90' lang='lat' dir='ltr'><strong>suis</strong></span> <span class='ocrx_word' id='word_1_190' title='bbox 791 1930 936 1983; x_wconf 88' lang='lat' dir='ltr'><strong>amasiis</strong></span> <span class='ocrx_word' id='word_1_191' title='bbox 955 1931 1221 1998; x_wconf 84' lang='lat' dir='ltr'><strong>iacebantinlectis,</strong></span> <span class='ocrx_word' id='word_1_192' title='bbox 1239 1941 1289 1984; x_wconf 86' lang='lat' dir='ltr'><strong>ser</strong></span> <span class='ocrx_word' id='word_1_193' title='bbox 1302 1930 1421 1982; x_wconf 87' lang='lat' dir='ltr'><strong>nullisso</strong></span> 
     </span>
     <span class='ocr_line' id='line_1_22' title="bbox 265 1999 1384 2071; baseline -0.001 -16"><span class='ocrx_word' id='word_1_194' title='bbox 265 2003 353 2055; x_wconf 87' lang='lat' dir='ltr'><strong>carnis</strong></span> <span class='ocrx_word' id='word_1_195' title='bbox 371 2002 606 2071; x_wconf 78' lang='lat' dir='ltr'><strong>passionibus</strong></span> <span class='ocrx_word' id='word_1_196' title='bbox 624 2000 772 2056; x_wconf 88' lang='lat' dir='ltr'><strong>molestari.</strong></span> <span class='ocrx_word' id='word_1_197' title='bbox 810 1999 912 2054; x_wconf 80' lang='lat' dir='ltr'><strong>Contra</strong></span> <span class='ocrx_word' id='word_1_198' title='bbox 936 2001 1009 2055; x_wconf 91' lang='lat' dir='ltr'><strong>hunc</strong></span> <span class='ocrx_word' id='word_1_199' title='bbox 1027 2001 1176 2055; x_wconf 90' lang='lat' dir='ltr'><strong>Dulcinum</strong></span> <span class='ocrx_word' id='word_1_200' title='bbox 1201 2000 1384 2054; x_wconf 87' lang='lat' dir='ltr'><strong>demandato</strong></span> 
     </span>
     <span class='ocr_line' id='line_1_23' title="bbox 146 2071 1385 2141; baseline -0.003 -13"><span class='ocrx_word' id='word_1_201' title='bbox 146 2079 335 2141; x_wconf 62' lang='lat' dir='ltr'><strong>itempape</strong></span> <span class='ocrx_word' id='word_1_202' title='bbox 366 2090 432 2126; x_wconf 86' lang='lat' dir='ltr'><strong>crux</strong></span> <span class='ocrx_word' id='word_1_203' title='bbox 459 2072 599 2141; x_wconf 89' lang='lat' dir='ltr'><strong>predicata</strong></span> <span class='ocrx_word' id='word_1_204' title='bbox 627 2074 694 2138; x_wconf 82' lang='lat' dir='ltr'><strong>est,</strong></span> <span class='ocrx_word' id='word_1_205' title='bbox 726 2075 754 2124; x_wconf 90' lang='lat' dir='ltr'><strong>et</strong></span> <span class='ocrx_word' id='word_1_206' title='bbox 780 2088 843 2140; x_wconf 94' lang='lat' dir='ltr'><strong>per</strong></span> <span class='ocrx_word' id='word_1_207' title='bbox 868 2071 1041 2140; x_wconf 84' lang='lat' dir='ltr'><strong>inquisitores</strong></span> <span class='ocrx_word' id='word_1_208' title='bbox 1069 2072 1167 2125; x_wconf 84' lang='lat' dir='ltr'><strong>iratres</strong></span> <span class='ocrx_word' id='word_1_209' title='bbox 1194 2071 1385 2125; x_wconf 85' lang='lat' dir='ltr'><strong>Predicatorea</strong></span> 
     </span>
     <span class='ocr_line' id='line_1_24' title="bbox 266 2141 1385 2211; baseline -0.001 -15"><span class='ocrx_word' id='word_1_210' title='bbox 266 2147 427 2211; x_wconf 80' lang='lat' dir='ltr'><strong>captus⁸‚</strong></span> <span class='ocrx_word' id='word_1_211' title='bbox 453 2148 481 2196; x_wconf 91' lang='lat' dir='ltr'><strong>et</strong></span> <span class='ocrx_word' id='word_1_212' title='bbox 506 2159 568 2196; x_wconf 91' lang='lat' dir='ltr'><strong>cum</strong></span> <span class='ocrx_word' id='word_1_213' title='bbox 588 2159 620 2195; x_wconf 92' lang='lat' dir='ltr'><strong>eo</strong></span> <span class='ocrx_word' id='word_1_214' title='bbox 639 2141 747 2195; x_wconf 89' lang='lat' dir='ltr'><strong>circiter</strong></span> <span class='ocrx_word' id='word_1_215' title='bbox 765 2145 875 2195; x_wconf 88' lang='lat' dir='ltr'><strong>centum</strong></span> <span class='ocrx_word' id='word_1_216' title='bbox 894 2141 947 2196; x_wconf 86' lang='lat' dir='ltr'><strong>XL</strong></span> <span class='ocrx_word' id='word_1_217' title='bbox 971 2159 1099 2211; x_wconf 89' lang='lat' dir='ltr'><strong>persone</strong></span> <span class='ocrx_word' id='word_1_218' title='bbox 1118 2146 1153 2196; x_wconf 90' lang='lat' dir='ltr'><strong>et</strong></span> <span class='ocrx_word' id='word_1_219' title='bbox 1171 2143 1306 2195; x_wconf 86' lang='lat' dir='ltr'><strong>amasia</strong></span> <span class='ocrx_word' id='word_1_220' title='bbox 1323 2159 1385 2195; x_wconf 92' lang='lat' dir='ltr'><strong>sua</strong></span> 
     </span>
     <span class='ocr_line' id='line_1_25' title="bbox 265 2212 1385 2282; baseline -0.002 -16"><span class='ocrx_word' id='word_1_221' title='bbox 265 2213 314 2266; x_wconf 89' lang='lat' dir='ltr'><strong>Ma</strong></span> <span class='ocrx_word' id='word_1_222' title='bbox 348 2217 431 2282; x_wconf 86' lang='lat' dir='ltr'><strong>areta,</strong></span> <span class='ocrx_word' id='word_1_223' title='bbox 463 2229 572 2266; x_wconf 91' lang='lat' dir='ltr'><strong>consors</strong></span> <span class='ocrx_word' id='word_1_224' title='bbox 604 2212 632 2265; x_wconf 92' lang='lat' dir='ltr'><strong>in</strong></span> <span class='ocrx_word' id='word_1_225' title='bbox 663 2213 772 2275; x_wconf 88' lang='lat' dir='ltr'><strong>scelere,</strong></span> <span class='ocrx_word' id='word_1_226' title='bbox 803 2214 1029 2267; x_wconf 89' lang='lat' dir='ltr'><strong>concremati</strong></span> <span class='ocrx_word' id='word_1_227' title='bbox 1059 2219 1142 2266; x_wconf 89' lang='lat' dir='ltr'><strong>suut</strong></span> <span class='ocrx_word' id='word_1_228' title='bbox 1172 2229 1243 2267; x_wconf 91' lang='lat' dir='ltr'><strong>anno</strong></span> <span class='ocrx_word' id='word_1_229' title='bbox 1273 2213 1385 2266; x_wconf 90' lang='lat' dir='ltr'><strong>Domini</strong></span> 
     </span>
     <span class='ocr_line' id='line_1_26' title="bbox 265 2282 1421 2353; baseline -0.002 -17"><span class='ocrx_word' id='word_1_230' title='bbox 265 2282 319 2337; x_wconf 82' lang='lat' dir='ltr'><strong>Mo</strong></span> <span class='ocrx_word' id='word_1_231' title='bbox 343 2283 448 2339; x_wconf 82' lang='lat' dir='ltr'><strong>evm.</strong></span> <span class='ocrx_word' id='word_1_232' title='bbox 486 2283 551 2336; x_wconf 82' lang='lat' dir='ltr'><strong>Fuit</strong></span> <span class='ocrx_word' id='word_1_233' title='bbox 570 2287 686 2337; x_wconf 93' lang='lat' dir='ltr'><strong>autem</strong></span> <span class='ocrx_word' id='word_1_234' title='bbox 705 2282 796 2337; x_wconf 86' lang='lat' dir='ltr'><strong>dictat</strong></span> <span class='ocrx_word' id='word_1_235' title='bbox 822 2283 980 2353; x_wconf 84' lang='lat' dir='ltr'><strong>Margareta</strong></span> <span class='ocrx_word' id='word_1_236' title='bbox 1006 2285 1040 2337; x_wconf 94' lang='lat' dir='ltr'><strong>in</strong></span> <span class='ocrx_word' id='word_1_237' title='bbox 1059 2283 1198 2338; x_wconf 91' lang='lat' dir='ltr'><strong>iudicio</strong></span> <span class='ocrx_word' id='word_1_238' title='bbox 1223 2284 1421 2337; x_wconf 79' lang='lat' dir='ltr'><strong>seculariss</strong></span> 
     </span>
     <span class='ocr_line' id='line_1_27' title="bbox 265 2353 1384 2423; baseline 0.001 -17"><span class='ocrx_word' id='word_1_239' title='bbox 265 2357 328 2408; x_wconf 86' lang='lat' dir='ltr'><strong>ante</strong></span> <span class='ocrx_word' id='word_1_240' title='bbox 347 2355 440 2408; x_wconf 93' lang='lat' dir='ltr'><strong>oculos</strong></span> <span class='ocrx_word' id='word_1_241' title='bbox 451 2353 561 2407; x_wconf 90' lang='lat' dir='ltr'><strong>Dulcini</strong></span> <span class='ocrx_word' id='word_1_242' title='bbox 573 2353 700 2408; x_wconf 90' lang='lat' dir='ltr'><strong>concisau</strong></span> <span class='ocrx_word' id='word_1_243' title='bbox 714 2354 903 2421; x_wconf 90' lang='lat' dir='ltr'><strong>membratim;</strong></span> <span class='ocrx_word' id='word_1_244' title='bbox 923 2355 1021 2409; x_wconf 90' lang='lat' dir='ltr'><strong>dehinc</strong></span> <span class='ocrx_word' id='word_1_245' title='bbox 1039 2359 1067 2408; x_wconf 87' lang='lat' dir='ltr'><strong>et</strong></span> <span class='ocrx_word' id='word_1_246' title='bbox 1084 2354 1143 2423; x_wconf 90' lang='lat' dir='ltr'><strong>ipse</strong></span> <span class='ocrx_word' id='word_1_247' title='bbox 1155 2355 1286 2408; x_wconf 91' lang='lat' dir='ltr'><strong>Dulcinus</strong></span> <span class='ocrx_word' id='word_1_248' title='bbox 1299 2371 1384 2407; x_wconf 89' lang='lat' dir='ltr'><strong>mem-</strong></span> 
     </span>
     <span class='ocr_line' id='line_1_28' title="bbox 265 2424 1385 2494; baseline 0 -17"><span class='ocrx_word' id='word_1_249' title='bbox 265 2424 367 2477; x_wconf 88' lang='lat' dir='ltr'><strong>bratim</strong></span> <span class='ocrx_word' id='word_1_250' title='bbox 386 2424 524 2491; x_wconf 88' lang='lat' dir='ltr'><strong>inciditur,</strong></span> <span class='ocrx_word' id='word_1_251' title='bbox 543 2429 572 2477; x_wconf 90' lang='lat' dir='ltr'><strong>et</strong></span> <span class='ocrx_word' id='word_1_252' title='bbox 584 2424 726 2478; x_wconf 90' lang='lat' dir='ltr'><strong>amborum</strong></span> <span class='ocrx_word' id='word_1_253' title='bbox 746 2441 806 2478; x_wconf 88' lang='lat' dir='ltr'><strong>ossa</strong></span> <span class='ocrx_word' id='word_1_254' title='bbox 824 2430 852 2478; x_wconf 89' lang='lat' dir='ltr'><strong>et</strong></span> <span class='ocrx_word' id='word_1_255' title='bbox 863 2426 989 2479; x_wconf 86' lang='lat' dir='ltr'><strong>membra</strong></span> <span class='ocrx_word' id='word_1_256' title='bbox 1001 2425 1092 2478; x_wconf 92' lang='lat' dir='ltr'><strong>omnia</strong></span> <span class='ocrx_word' id='word_1_257' title='bbox 1104 2425 1208 2494; x_wconf 87' lang='lat' dir='ltr'><strong>pariter</strong></span> <span class='ocrx_word' id='word_1_258' title='bbox 1221 2425 1385 2478; x_wconf 89' lang='lat' dir='ltr'><strong>comburun-</strong></span> 
     </span>
     <span class='ocr_line' id='line_1_29' title="bbox 265 2495 910 2564; baseline 0.003 -18"><span class='ocrx_word' id='word_1_259' title='bbox 265 2499 391 2547; x_wconf 83' lang='lat' dir='ltr'><strong>turcum</strong></span> <span class='ocrx_word' id='word_1_260' title='bbox 410 2495 568 2562; x_wconf 91' lang='lat' dir='ltr'><strong>reliquis</strong></span> <span class='ocrx_word' id='word_1_261' title='bbox 586 2511 705 2548; x_wconf 91' lang='lat' dir='ltr'><strong>eorum</strong></span> <span class='ocrx_word' id='word_1_262' title='bbox 724 2495 910 2564; x_wconf 89' lang='lat' dir='ltr'><strong>complicibus.</strong></span> 
     </span>
     <span class='ocr_line' id='line_1_30' title="bbox 95 2563 1385 2634; baseline -0.002 -14"><span class='ocrx_word' id='word_1_263' title='bbox 95 2571 255 2620; x_wconf 48' lang='lat' dir='ltr'><strong>salsaeque.</strong></span> <span class='ocrx_word' id='word_1_264' title='bbox 372 2566 455 2618; x_wconf 83' lang='lat' dir='ltr'><strong>Anno</strong></span> <span class='ocrx_word' id='word_1_265' title='bbox 483 2565 595 2618; x_wconf 91' lang='lat' dir='ltr'><strong>Domini</strong></span> <span class='ocrx_word' id='word_1_266' title='bbox 624 2563 848 2621; x_wconf 80' lang='lat' dir='ltr'><strong>Moocxxvn.</strong></span> <span class='ocrx_word' id='word_1_267' title='bbox 883 2567 1046 2620; x_wconf 60' lang='lat' dir='ltr'><strong>luodewicus</strong></span> <span class='ocrx_word' id='word_1_268' title='bbox 1073 2567 1249 2620; x_wconf 79' lang='lat' dir='ltr'><strong>Baiorusv</strong></span> <span class='ocrx_word' id='word_1_269' title='bbox 1271 2567 1385 2634; x_wconf 87' lang='lat' dir='ltr'><strong>impe·</strong></span> 
     </span>
     <span class='ocr_line' id='line_1_31' title="bbox 265 2635 1422 2704; baseline 0 -16"><span class='ocrx_word' id='word_1_270' title='bbox 265 2639 367 2688; x_wconf 86' lang='lat' dir='ltr'><strong>rator</strong></span> <span class='ocrx_word' id='word_1_271' title='bbox 392 2652 408 2687; x_wconf 90' lang='lat' dir='ltr'><strong>a</strong></span> <span class='ocrx_word' id='word_1_272' title='bbox 432 2651 505 2703; x_wconf 86' lang='lat' dir='ltr'><strong>papa</strong></span> <span class='ocrx_word' id='word_1_273' title='bbox 522 2635 646 2689; x_wconf 86' lang='lat' dir='ltr'><strong>Iohanne</strong></span> <span class='ocrx_word' id='word_1_274' title='bbox 672 2635 870 2704; x_wconf 89' lang='lat' dir='ltr'><strong>deponitur</strong></span> <span class='ocrx_word' id='word_1_275' title='bbox 896 2641 924 2690; x_wconf 89' lang='lat' dir='ltr'><strong>et</strong></span> <span class='ocrx_word' id='word_1_276' title='bbox 948 2638 1214 2691; x_wconf 89' lang='lat' dir='ltr'><strong>excommunicatur</strong></span> <span class='ocrx_word' id='word_1_277' title='bbox 1239 2641 1267 2690; x_wconf 90' lang='lat' dir='ltr'><strong>et</strong></span> <span class='ocrx_word' id='word_1_278' title='bbox 1285 2638 1380 2690; x_wconf 89' lang='lat' dir='ltr'><strong>omni0</strong></span> <span class='ocrx_word' id='word_1_279' title='bbox 1396 2649 1422 2688; x_wconf 81' lang='lat' dir='ltr'><strong>ao</strong></span> 
     </span>
     <span class='ocr_line' id='line_1_32' title="bbox 265 2704 1385 2777; baseline 0.001 -18"><span class='ocrx_word' id='word_1_280' title='bbox 265 2706 401 2760; x_wconf 90' lang='lat' dir='ltr'><strong>honore</strong></span> <span class='ocrx_word' id='word_1_281' title='bbox 420 2704 607 2774; x_wconf 89' lang='lat' dir='ltr'><strong>imperiali</strong></span> <span class='ocrx_word' id='word_1_282' title='bbox 625 2706 776 2775; x_wconf 88' lang='lat' dir='ltr'><strong>privatur.</strong></span> <span class='ocrx_word' id='word_1_283' title='bbox 813 2705 935 2761; x_wconf 82' lang='lat' dir='ltr'><strong>Econtra</strong></span> <span class='ocrx_word' id='word_1_284' title='bbox 953 2707 1115 2762; x_wconf 84' lang='lat' dir='ltr'><strong>Luderricus</strong></span> <span class='ocrx_word' id='word_1_285' title='bbox 1133 2725 1233 2777; x_wconf 90' lang='lat' dir='ltr'><strong>papam</strong></span> <span class='ocrx_word' id='word_1_286' title='bbox 1251 2707 1385 2760; x_wconf 89' lang='lat' dir='ltr'><strong>Iohan-</strong></span> 
     </span>
     <span class='ocr_line' id='line_1_33' title="bbox 265 2776 1384 2832; baseline 0.001 -2"><span class='ocrx_word' id='word_1_287' title='bbox 265 2793 342 2831; x_wconf 89' lang='lat' dir='ltr'><strong>nem</strong></span> <span class='ocrx_word' id='word_1_288' title='bbox 361 2776 536 2830; x_wconf 79' lang='lat' dir='ltr'><strong>hereticumw</strong></span> <span class='ocrx_word' id='word_1_289' title='bbox 546 2777 669 2830; x_wconf 89' lang='lat' dir='ltr'><strong>nominat</strong></span> <span class='ocrx_word' id='word_1_290' title='bbox 689 2781 717 2830; x_wconf 88' lang='lat' dir='ltr'><strong>et</strong></span> <span class='ocrx_word' id='word_1_291' title='bbox 734 2777 891 2831; x_wconf 90' lang='lat' dir='ltr'><strong>consilio</strong></span> <span class='ocrx_word' id='word_1_292' title='bbox 910 2778 1035 2832; x_wconf 88' lang='lat' dir='ltr'><strong>habito</strong></span> <span class='ocrx_word' id='word_1_293' title='bbox 1053 2777 1206 2832; x_wconf 84' lang='lat' dir='ltr'><strong>Iohannem</strong></span> <span class='ocrx_word' id='word_1_294' title='bbox 1224 2779 1295 2832; x_wconf 89' lang='lat' dir='ltr'><strong>siout</strong></span> <span class='ocrx_word' id='word_1_295' title='bbox 1306 2779 1384 2832; x_wconf 92' lang='lat' dir='ltr'><strong>here-</strong></span> 
     </span>
     <span class='ocr_line' id='line_1_34' title="bbox 265 2847 1384 2917; baseline 0.001 -16"><span class='ocrx_word' id='word_1_296' title='bbox 265 2847 350 2901; x_wconf 90' lang='lat' dir='ltr'><strong>ticum</strong></span> <span class='ocrx_word' id='word_1_297' title='bbox 377 2847 412 2900; x_wconf 90' lang='lat' dir='ltr'><strong>de</strong></span> <span class='ocrx_word' id='word_1_298' title='bbox 439 2851 542 2916; x_wconf 87' lang='lat' dir='ltr'><strong>papatu</strong></span> <span class='ocrx_word' id='word_1_299' title='bbox 567 2847 680 2916; x_wconf 91' lang='lat' dir='ltr'><strong>deponit</strong></span> <span class='ocrx_word' id='word_1_300' title='bbox 699 2879 730 2888; x_wconf 87' lang='lat'><em>-</em></span> <span class='ocrx_word' id='word_1_301' title='bbox 753 2848 868 2916; x_wconf 78' lang='lat' dir='ltr'><strong>-igne</strong></span> <span class='ocrx_word' id='word_1_302' title='bbox 893 2849 1064 2903; x_wconf 91' lang='lat' dir='ltr'><strong>comburitur</strong></span> <span class='ocrx_word' id='word_1_303' title='bbox 1081 2849 1219 2902; x_wconf 86' lang='lat' dir='ltr'><strong>Iohannes</strong></span> <span class='ocrx_word' id='word_1_304' title='bbox 1243 2866 1315 2917; x_wconf 88' lang='lat' dir='ltr'><strong>papa</strong></span> <span class='ocrx_word' id='word_1_305' title='bbox 1332 2849 1384 2902; x_wconf 86' lang='lat' dir='ltr'><strong>sub</strong></span> 
     </span>
     <span class='ocr_line' id='line_1_35' title="bbox 266 2918 1385 2988; baseline -0.001 -16"><span class='ocrx_word' id='word_1_306' title='bbox 266 2918 431 2972; x_wconf 87' lang='lat' dir='ltr'><strong>simulachro</strong></span> <span class='ocrx_word' id='word_1_307' title='bbox 456 2919 505 2971; x_wconf 86' lang='lat' dir='ltr'><strong>tali</strong></span> <span class='ocrx_word' id='word_1_308' title='bbox 529 2919 556 2970; x_wconf 92' lang='lat' dir='ltr'><strong>in</strong></span> <span class='ocrx_word' id='word_1_309' title='bbox 576 2918 678 2974; x_wconf 85' lang='lat' dir='ltr'><strong>Ytalia.</strong></span> <span class='ocrx_word' id='word_1_310' title='bbox 715 2918 820 2987; x_wconf 80' lang='lat' dir='ltr'><strong>Quibus</strong></span> <span class='ocrx_word' id='word_1_311' title='bbox 845 2920 982 2987; x_wconf 90' lang='lat' dir='ltr'><strong>peractis</strong></span> <span class='ocrx_word' id='word_1_312' title='bbox 1002 2920 1205 2988; x_wconf 86' lang='lat' dir='ltr'><strong>imperator</strong></span> <span class='ocrx_word' id='word_1_313' title='bbox 1222 2918 1385 2973; x_wconf 81' lang='lat' dir='ltr'><strong>Ludeuicus</strong></span> 
     </span>
     <span class='ocr_line' id='line_1_36' title="bbox 265 2989 1421 3058; baseline 0 -17"><span class='ocrx_word' id='word_1_314' title='bbox 265 2989 294 3041; x_wconf 93' lang='lat' dir='ltr'><strong>in</strong></span> <span class='ocrx_word' id='word_1_315' title='bbox 320 2989 524 3044; x_wconf 85' lang='lat' dir='ltr'><strong>Theutoniam¹</strong></span> <span class='ocrx_word' id='word_1_316' title='bbox 546 2989 645 3042; x_wconf 88' lang='lat' dir='ltr'><strong>redit</strong></span> <span class='ocrx_word' id='word_1_317' title='bbox 671 2992 799 3057; x_wconf 87' lang='lat' dir='ltr'><strong>potenter</strong></span> <span class='ocrx_word' id='word_1_318' title='bbox 826 2995 854 3042; x_wconf 91' lang='lat' dir='ltr'><strong>et</strong></span> <span class='ocrx_word' id='word_1_319' title='bbox 882 3000 969 3042; x_wconf 67' lang='lat' dir='ltr'><strong>cumr</strong></span> <span class='ocrx_word' id='word_1_320' title='bbox 999 2989 1177 3044; x_wconf 87' lang='lat' dir='ltr'><strong>iocunditate.</strong></span> <span class='ocrx_word' id='word_1_321' title='bbox 1214 2989 1282 3044; x_wconf 86' lang='lat' dir='ltr'><strong>Sed</strong></span> <span class='ocrx_word' id='word_1_322' title='bbox 1313 3007 1385 3058; x_wconf 88' lang='lat' dir='ltr'><strong>papa</strong></span> <span class='ocrx_word' id='word_1_323' title='bbox 1395 3001 1421 3042; x_wconf 77' lang='lat' dir='ltr'><strong>aa</strong></span> 
     </span>
     <span class='ocr_line' id='line_1_37' title="bbox 266 3059 1384 3128; baseline 0.001 -16"><span class='ocrx_word' id='word_1_324' title='bbox 266 3070 349 3112; x_wconf 67' lang='lat' dir='ltr'><strong>suus*</strong></span> <span class='ocrx_word' id='word_1_325' title='bbox 372 3060 401 3112; x_wconf 94' lang='lat' dir='ltr'><strong>in</strong></span> <span class='ocrx_word' id='word_1_326' title='bbox 420 3059 514 3112; x_wconf 87' lang='lat' dir='ltr'><strong>Ytalia</strong></span> <span class='ocrx_word' id='word_1_327' title='bbox 531 3077 644 3114; x_wconf 87' lang='lat' dir='ltr'><strong>manens</strong></span> <span class='ocrx_word' id='word_1_328' title='bbox 662 3059 773 3113; x_wconf 89' lang='lat' dir='ltr'><strong>tandem</strong></span> <span class='ocrx_word' id='word_1_329' title='bbox 793 3077 810 3111; x_wconf 88' lang='lat' dir='ltr'><strong>a</strong></span> <span class='ocrx_word' id='word_1_330' title='bbox 827 3059 882 3112; x_wconf 89' lang='lat' dir='ltr'><strong>suis</strong></span> <span class='ocrx_word' id='word_1_331' title='bbox 906 3077 956 3128; x_wconf 88' lang='lat' dir='ltr'><strong>pro</strong></span> <span class='ocrx_word' id='word_1_332' title='bbox 982 3060 1098 3128; x_wconf 87' lang='lat' dir='ltr'><strong>pecunia</strong></span> <span class='ocrx_word' id='word_1_333' title='bbox 1117 3060 1246 3114; x_wconf 87' lang='lat' dir='ltr'><strong>venditur</strong></span> <span class='ocrx_word' id='word_1_334' title='bbox 1270 3065 1298 3114; x_wconf 92' lang='lat' dir='ltr'><strong>et</strong></span> <span class='ocrx_word' id='word_1_335' title='bbox 1322 3077 1384 3128; x_wconf 89' lang='lat' dir='ltr'><strong>pre-</strong></span> 
     </span>
     <span class='ocr_line' id='line_1_38' title="bbox 266 3129 1385 3200; baseline 0.001 -18"><span class='ocrx_word' id='word_1_336' title='bbox 266 3134 423 3184; x_wconf 77' lang='lat' dir='ltr'><strong>sentatur⁸</strong></span> <span class='ocrx_word' id='word_1_337' title='bbox 435 3129 555 3183; x_wconf 88' lang='lat' dir='ltr'><strong>Iohanni</strong></span> <span class='ocrx_word' id='word_1_338' title='bbox 572 3147 651 3200; x_wconf 79' lang='lat' dir='ltr'><strong>pape,</strong></span> <span class='ocrx_word' id='word_1_339' title='bbox 670 3129 724 3183; x_wconf 88' lang='lat' dir='ltr'><strong>fide</strong></span> <span class='ocrx_word' id='word_1_340' title='bbox 743 3129 818 3198; x_wconf 89' lang='lat' dir='ltr'><strong>prius</strong></span> <span class='ocrx_word' id='word_1_341' title='bbox 830 3131 903 3183; x_wconf 85' lang='lat' dir='ltr'><strong>iacta</strong></span> <span class='ocrx_word' id='word_1_342' title='bbox 915 3129 1108 3199; x_wconf 74' lang='lat' dir='ltr'><strong>proditoribus,</strong></span> <span class='ocrx_word' id='word_1_343' title='bbox 1127 3130 1200 3199; x_wconf 91' lang='lat' dir='ltr'><strong>quod</strong></span> <span class='ocrx_word' id='word_1_344' title='bbox 1213 3147 1264 3189; x_wconf 89' lang='lat' dir='ltr'><strong>nec</strong></span> <span class='ocrx_word' id='word_1_345' title='bbox 1282 3131 1311 3183; x_wconf 92' lang='lat' dir='ltr'><strong>in</strong></span> <span class='ocrx_word' id='word_1_346' title='bbox 1323 3148 1385 3199; x_wconf 85' lang='lat' dir='ltr'><strong>per-</strong></span> 
     </span>
    </p>
   </div>
   <div class='ocr_carea' id='block_1_5' title="bbox 146 3205 1423 3764">
    <p class='ocr_par' dir='ltr' id='par_1_5' title="bbox 267 3205 1385 3286">
     <span class='ocr_line' id='line_1_39' title="bbox 267 3205 1385 3286; baseline -0.002 -15"><span class='ocrx_word' id='word_1_347' title='bbox 267 3235 333 3271; x_wconf 89' lang='lat' dir='ltr'><strong>sona</strong></span> <span class='ocrx_word' id='word_1_348' title='bbox 358 3235 408 3271; x_wconf 87' lang='lat' dir='ltr'><strong>nec</strong></span> <span class='ocrx_word' id='word_1_349' title='bbox 432 3218 460 3270; x_wconf 92' lang='lat' dir='ltr'><strong>in</strong></span> <span class='ocrx_word' id='word_1_350' title='bbox 486 3235 523 3271; x_wconf 92' lang='lat' dir='ltr'><strong>re</strong></span> <span class='ocrx_word' id='word_1_351' title='bbox 541 3219 757 3286; x_wconf 87' lang='lat' dir='ltr'><strong>quibuscumque</strong></span> <span class='ocrx_word' id='word_1_352' title='bbox 778 3217 924 3271; x_wconf 90' lang='lat' dir='ltr'><strong>lederetur.</strong></span> <span class='ocrx_word' id='word_1_353' title='bbox 966 3205 1033 3270; x_wconf 80' lang='lat' dir='ltr'><strong>Sed</strong></span> <span class='ocrx_word' id='word_1_354' title='bbox 1063 3211 1180 3272; x_wconf 75' lang='lat' dir='ltr'><strong>tamen</strong></span> <span class='ocrx_word' id='word_1_355' title='bbox 1210 3207 1385 3270; x_wconf 80' lang='lat' dir='ltr'><strong>Iohannes</strong></span> 
     </span>
    </p>

    <p class='ocr_par' dir='ltr' id='par_1_6' title="bbox 268 3293 1385 3377">
     <span class='ocr_line' id='line_1_40' title="bbox 268 3293 1385 3377; baseline 0 -20"><span class='ocrx_word' id='word_1_356' title='bbox 268 3313 357 3377; x_wconf 85' lang='lat' dir='ltr'><strong>papa</strong></span> <span class='ocrx_word' id='word_1_357' title='bbox 390 3293 491 3357; x_wconf 89' lang='lat' dir='ltr'><strong>illum</strong></span> <span class='ocrx_word' id='word_1_358' title='bbox 530 3315 608 3358; x_wconf 91' lang='lat' dir='ltr'><strong>cum</strong></span> <span class='ocrx_word' id='word_1_359' title='bbox 643 3293 801 3358; x_wconf 87' lang='lat' dir='ltr'><strong>omuibus</strong></span> <span class='ocrx_word' id='word_1_360' title='bbox 837 3295 907 3357; x_wconf 86' lang='lat' dir='ltr'><strong>suis</strong></span> <span class='ocrx_word' id='word_1_361' title='bbox 942 3295 1040 3377; x_wconf 90' lang='lat' dir='ltr'><strong>quasi</strong></span> <span class='ocrx_word' id='word_1_362' title='bbox 1079 3296 1268 3360; x_wconf 88' lang='lat' dir='ltr'><strong>hereticum</strong></span> <span class='ocrx_word' id='word_1_363' title='bbox 1308 3315 1385 3359; x_wconf 90' lang='lat' dir='ltr'><strong>con·</strong></span> 
     </span>
    </p>

    <p class='ocr_par' dir='ltr' id='par_1_7' title="bbox 146 3375 1423 3764">
     <span class='ocr_line' id='line_1_41' title="bbox 267 3375 1423 3465; baseline -0.003 -20"><span class='ocrx_word' id='word_1_364' title='bbox 267 3375 501 3465; x_wconf 69' lang='lat' dir='ltr'><strong>dempnsvicb.</strong></span> <span class='ocrx_word' id='word_1_365' title='bbox 1396 3425 1423 3462; x_wconf 61' lang='lat'><strong>40</strong></span> 
     </span>
     <span class='ocr_line' id='line_1_42' title="bbox 157 3464 1381 3553; baseline 0.002 -20"><span class='ocrx_word' id='word_1_366' title='bbox 157 3468 257 3518; x_wconf 51' lang='lat'><strong>‘&#39;⁶³⁸³‘’</strong></span> <span class='ocrx_word' id='word_1_367' title='bbox 376 3464 509 3553; x_wconf 76' lang='lat' dir='ltr'><strong>[Ann0⁰</strong></span> <span class='ocrx_word' id='word_1_368' title='bbox 546 3469 686 3532; x_wconf 86' lang='lat' dir='ltr'><strong>Domini</strong></span> <span class='ocrx_word' id='word_1_369' title='bbox 718 3469 971 3534; x_wconf 79' lang='lat' dir='ltr'>M⁰CCCXXX.</span> <span class='ocrx_word' id='word_1_370' title='bbox 1005 3483 1091 3537; x_wconf 84' lang='lat' dir='ltr'><strong>frater</strong></span> <span class='ocrx_word' id='word_1_371' title='bbox 1117 3483 1236 3537; x_wconf 83' lang='lat' dir='ltr'><strong>Thomas</strong></span> <span class='ocrx_word' id='word_1_372' title='bbox 1254 3481 1381 3536; x_wconf 76' lang='lat' dir='ltr'><strong>Waleizd</strong></span> 
     </span>
     <span class='ocr_line' id='line_1_43' title="bbox 146 3523 1387 3623; baseline 0 -17"><span class='ocrx_word' id='word_1_373' title='bbox 146 3523 402 3622; x_wconf 60' lang='lat' dir='ltr'><strong>⁹¹²⁵¹⁸⁹&#39;Anglicus</strong></span> <span class='ocrx_word' id='word_1_374' title='bbox 420 3583 454 3592; x_wconf 92' lang='lat'>—</span> <span class='ocrx_word' id='word_1_375' title='bbox 476 3583 508 3592; x_wconf 93' lang='lat'><em>-</em></span> <span class='ocrx_word' id='word_1_376' title='bbox 528 3569 544 3605; x_wconf 83' lang='lat' dir='ltr'><strong>a</strong></span> <span class='ocrx_word' id='word_1_377' title='bbox 562 3569 734 3620; x_wconf 90' lang='lat' dir='ltr'><strong>quocumque</strong></span> <span class='ocrx_word' id='word_1_378' title='bbox 760 3553 849 3606; x_wconf 92' lang='lat' dir='ltr'><strong>iudice</strong></span> <span class='ocrx_word' id='word_1_379' title='bbox 872 3553 1075 3622; x_wconf 86' lang='lat' dir='ltr'><strong>imponendam.</strong></span> <span class='ocrx_word' id='word_1_380' title='bbox 1113 3553 1270 3623; x_wconf 89' lang='lat' dir='ltr'><strong>Propter</strong></span> <span class='ocrx_word' id='word_1_381' title='bbox 1292 3554 1387 3622; x_wconf 91' lang='lat' dir='ltr'><strong>quod</strong></span> 
     </span>
     <span class='ocr_line' id='line_1_44' title="bbox 160 3609 1383 3702; baseline 0 -25"><span class='ocrx_word' id='word_1_382' title='bbox 160 3609 256 3702; x_wconf 49' lang='lat' dir='ltr'><strong>stiffi*</strong></span> <span class='ocrx_word' id='word_1_383' title='bbox 267 3623 302 3677; x_wconf 87' lang='lat' dir='ltr'><strong>ab</strong></span> <span class='ocrx_word' id='word_1_384' title='bbox 330 3622 489 3693; x_wconf 87' lang='lat' dir='ltr'><strong>inquisitore</strong></span> <span class='ocrx_word' id='word_1_385' title='bbox 516 3623 699 3678; x_wconf 89' lang='lat' dir='ltr'><strong>hereticorum</strong></span> <span class='ocrx_word' id='word_1_386' title='bbox 727 3623 895 3694; x_wconf 82' lang='lat' dir='ltr'><strong>fratrum,</strong></span> <span class='ocrx_word' id='word_1_387' title='bbox 925 3624 972 3677; x_wconf 88' lang='lat' dir='ltr'><strong>sed</strong></span> <span class='ocrx_word' id='word_1_388' title='bbox 999 3625 1118 3678; x_wconf 82' lang='lat' dir='ltr'><strong>latenter</strong></span> <span class='ocrx_word' id='word_1_389' title='bbox 1144 3624 1264 3678; x_wconf 88' lang='lat' dir='ltr'><strong>heretico</strong></span> <span class='ocrx_word' id='word_1_390' title='bbox 1292 3654 1323 3664; x_wconf 94' lang='lat'>-</span> <span class='ocrx_word' id='word_1_391' title='bbox 1352 3655 1383 3664; x_wconf 94' lang='lat'><em>-</em></span> 
     </span>
     <span class='ocr_line' id='line_1_45' title="bbox 148 3673 1387 3764; baseline -0.001 -16"><span class='ocrx_word' id='word_1_392' title='bbox 148 3673 174 3712; x_wconf 41' lang='grc' dir='ltr'><strong>μ’</strong></span> <span class='ocrx_word' id='word_1_393' title='bbox 237 3675 724 3763; x_wconf 69' lang='lat' dir='ltr'><strong>⁹&#39;cesumpredictumperseoutua</strong></span> <span class='ocrx_word' id='word_1_394' title='bbox 743 3699 777 3748; x_wconf 90' lang='lat' dir='ltr'><strong>et</strong></span> <span class='ocrx_word' id='word_1_395' title='bbox 795 3694 986 3749; x_wconf 86' lang='lat' dir='ltr'><strong>intantum</strong></span> <span class='ocrx_word' id='word_1_396' title='bbox 1005 3711 1132 3763; x_wconf 87' lang='lat' dir='ltr'><strong>papam</strong></span> <span class='ocrx_word' id='word_1_397' title='bbox 1150 3695 1387 3764; x_wconf 85' lang='lat' dir='ltr'><strong>propulsavit</strong></span> 
     </span>
    </p>
   </div>
   <div class='ocr_carea' id='block_1_6' title="bbox 266 3764 1423 3906">
    <p class='ocr_par' dir='ltr' id='par_1_8' title="bbox 266 3764 1423 3906">
     <span class='ocr_line' id='line_1_46' title="bbox 266 3764 1423 3835; baseline -0.002 -18"><span class='ocrx_word' id='word_1_398' title='bbox 266 3764 488 3835; x_wconf 89' lang='lat' dir='ltr'><strong>importunis</strong></span> <span class='ocrx_word' id='word_1_399' title='bbox 507 3765 651 3819; x_wconf 88' lang='lat' dir='ltr'><strong>litteris</strong></span> <span class='ocrx_word' id='word_1_400' title='bbox 670 3769 704 3819; x_wconf 90' lang='lat' dir='ltr'><strong>et</strong></span> <span class='ocrx_word' id='word_1_401' title='bbox 722 3766 855 3834; x_wconf 88' lang='lat' dir='ltr'><strong>acutis,</strong></span> <span class='ocrx_word' id='word_1_402' title='bbox 874 3766 968 3833; x_wconf 92' lang='lat' dir='ltr'><strong>quod</strong></span> <span class='ocrx_word' id='word_1_403' title='bbox 985 3765 1097 3820; x_wconf 88' lang='lat' dir='ltr'><strong>tandem</strong></span> <span class='ocrx_word' id='word_1_404' title='bbox 1115 3765 1247 3835; x_wconf 83' lang='lat' dir='ltr'><strong>magister</strong></span> <span class='ocrx_word' id='word_1_405' title='bbox 1265 3765 1423 3819; x_wconf 79' lang='lat' dir='ltr'><strong>Thomassu</strong></span> 
     </span>
     <span class='ocr_line' id='line_1_47' title="bbox 266 3835 808 3906; baseline 0 -15"><span class='ocrx_word' id='word_1_406' title='bbox 266 3835 301 3892; x_wconf 91' lang='lat' dir='ltr'><strong>de</strong></span> <span class='ocrx_word' id='word_1_407' title='bbox 320 3853 429 3892; x_wconf 88' lang='lat' dir='ltr'><strong>carcere</strong></span> <span class='ocrx_word' id='word_1_408' title='bbox 447 3836 586 3890; x_wconf 82' lang='grc' dir='ltr'>Μίιιοιιιιιι</span> <span class='ocrx_word' id='word_1_409' title='bbox 606 3835 720 3905; x_wconf 87' lang='lat' dir='ltr'><strong>eripitur</strong></span> <span class='ocrx_word' id='word_1_410' title='bbox 739 3837 808 3906; x_wconf 88' lang='lat' dir='ltr'><strong>etc.].</strong></span> 
     </span>
    </p>
   </div>
   <div class='ocr_carea' id='block_1_7' title="bbox 266 3977 1425 4455">
    <p class='ocr_par' dir='ltr' id='par_1_9' title="bbox 266 3977 1425 4455">
     <span class='ocr_line' id='line_1_48' title="bbox 266 3977 1386 4032; baseline 0 -12"><span class='ocrx_word' id='word_1_411' title='bbox 266 3983 289 4028; x_wconf 91' lang='lat' dir='ltr'><strong>a)</strong></span> <span class='ocrx_word' id='word_1_412' title='bbox 309 3977 435 4020; x_wconf 83' lang='lat' dir='ltr'><strong>destructus</strong></span> <span class='ocrx_word' id='word_1_413' title='bbox 449 3982 467 4023; x_wconf 89' lang='lat'><strong>1.</strong></span> <span class='ocrx_word' id='word_1_414' title='bbox 483 3981 547 4022; x_wconf 71' lang='grc' dir='ltr'><strong>Μ.</strong></span> <span class='ocrx_word' id='word_1_415' title='bbox 561 3981 593 4030; x_wconf 72' lang='lat'><strong>2⁸,</strong></span> <span class='ocrx_word' id='word_1_416' title='bbox 618 3983 642 4017; x_wconf 80' lang='lat' dir='ltr'><strong>so</strong></span> <span class='ocrx_word' id='word_1_417' title='bbox 660 3979 798 4030; x_wconf 65' lang='lat' dir='ltr'><strong>asciscimus</strong></span> <span class='ocrx_word' id='word_1_418' title='bbox 819 3980 917 4019; x_wconf 72' lang='lat' dir='ltr'><strong>tabularu</strong></span> <span class='ocrx_word' id='word_1_419' title='bbox 937 3981 1027 4021; x_wconf 65' lang='lat' dir='ltr'><strong>muctar.</strong></span> <span class='ocrx_word' id='word_1_420' title='bbox 1113 3981 1135 4030; x_wconf 86' lang='lat' dir='ltr'><strong>b)</strong></span> <span class='ocrx_word' id='word_1_421' title='bbox 1157 3991 1198 4023; x_wconf 89' lang='lat' dir='ltr'><strong>om.</strong></span> <span class='ocrx_word' id='word_1_422' title='bbox 1218 3981 1244 4032; x_wconf 60' lang='grc' dir='ltr'><strong>Ως</strong></span> <span class='ocrx_word' id='word_1_423' title='bbox 1266 3981 1333 4020; x_wconf 83' lang='lat' dir='ltr'><strong>orode</strong></span> <span class='ocrx_word' id='word_1_424' title='bbox 1354 3981 1386 4023; x_wconf 69' lang='lat'><strong>2⁰.</strong></span> 
     </span>
     <span class='ocr_line' id='line_1_49' title="bbox 267 4031 1385 4085; baseline 0.004 -13"><span class='ocrx_word' id='word_1_425' title='bbox 267 4033 288 4084; x_wconf 89' lang='lat' dir='ltr'><strong>c)</strong></span> <span class='ocrx_word' id='word_1_426' title='bbox 302 4045 361 4074; x_wconf 87' lang='lat' dir='ltr'><strong>nom.</strong></span> <span class='ocrx_word' id='word_1_427' title='bbox 376 4033 427 4083; x_wconf 70' lang='lat' dir='ltr'><strong>Sag,</strong></span> <span class='ocrx_word' id='word_1_428' title='bbox 440 4033 460 4073; x_wconf 79' lang='grc'><strong>8.</strong></span> <span class='ocrx_word' id='word_1_429' title='bbox 514 4031 538 4082; x_wconf 89' lang='lat' dir='ltr'><strong>d)</strong></span> <span class='ocrx_word' id='word_1_430' title='bbox 552 4033 628 4072; x_wconf 79' lang='lat' dir='ltr'><strong>bernis</strong></span> <span class='ocrx_word' id='word_1_431' title='bbox 641 4033 660 4075; x_wconf 76' lang='lat'><strong>2.</strong></span> <span class='ocrx_word' id='word_1_432' title='bbox 728 4033 749 4083; x_wconf 90' lang='lat' dir='ltr'><strong>e)</strong></span> <span class='ocrx_word' id='word_1_433' title='bbox 764 4038 787 4072; x_wconf 82' lang='lat' dir='ltr'><strong>et</strong></span> <span class='ocrx_word' id='word_1_434' title='bbox 801 4033 851 4076; x_wconf 82' lang='lat' dir='ltr'><strong>add.</strong></span> <span class='ocrx_word' id='word_1_435' title='bbox 865 4033 897 4076; x_wconf 78' lang='lat'><strong>2⁸.</strong></span> <span class='ocrx_word' id='word_1_436' title='bbox 950 4033 1106 4080; x_wconf 75' lang='lat' dir='ltr'><strong>nlambardla</strong></span> <span class='ocrx_word' id='word_1_437' title='bbox 1121 4037 1140 4076; x_wconf 87' lang='lat'><strong>1.</strong></span> <span class='ocrx_word' id='word_1_438' title='bbox 1153 4035 1179 4085; x_wconf 71' lang='grc' dir='ltr'><strong>ἳ;</strong></span> <span class='ocrx_word' id='word_1_439' title='bbox 1193 4031 1340 4084; x_wconf 72' lang='lat' dir='ltr'><strong>langobardia</strong></span> <span class='ocrx_word' id='word_1_440' title='bbox 1354 4035 1385 4076; x_wconf 73' lang='lat'><strong>2⁸.</strong></span> 
     </span>
     <span class='ocr_line' id='line_1_50' title="bbox 266 4085 1386 4136; baseline 0 -10"><span class='ocrx_word' id='word_1_441' title='bbox 266 4085 291 4136; x_wconf 79' lang='lat' dir='ltr'><strong>g)</strong></span> <span class='ocrx_word' id='word_1_442' title='bbox 304 4097 346 4135; x_wconf 89' lang='lat' dir='ltr'><strong>per</strong></span> <span class='ocrx_word' id='word_1_443' title='bbox 359 4088 386 4129; x_wconf 85' lang='lat' dir='ltr'><strong>fr.</strong></span> <span class='ocrx_word' id='word_1_444' title='bbox 399 4098 441 4129; x_wconf 87' lang='lat' dir='ltr'><strong>om.</strong></span> <span class='ocrx_word' id='word_1_445' title='bbox 455 4087 486 4129; x_wconf 68' lang='lat' dir='ltr'><strong>tlt.</strong></span> <span class='ocrx_word' id='word_1_446' title='bbox 554 4087 577 4134; x_wconf 90' lang='lat' dir='ltr'><strong>h)</strong></span> <span class='ocrx_word' id='word_1_447' title='bbox 591 4085 694 4126; x_wconf 82' lang='lat' dir='ltr'><strong>existenti</strong></span> <span class='ocrx_word' id='word_1_448' title='bbox 709 4085 739 4128; x_wconf 73' lang='lat'><strong>2⁸.</strong></span> <span class='ocrx_word' id='word_1_449' title='bbox 754 4107 780 4116; x_wconf 90' lang='grc'>-</span> <span class='ocrx_word' id='word_1_450' title='bbox 794 4087 936 4126; x_wconf 86' lang='lat' dir='ltr'><strong>Parmensem</strong></span> <span class='ocrx_word' id='word_1_451' title='bbox 951 4088 983 4129; x_wconf 79' lang='lat'><strong>1¹.</strong></span> <span class='ocrx_word' id='word_1_452' title='bbox 1036 4086 1053 4134; x_wconf 84' lang='lat' dir='ltr'><strong>i)</strong></span> <span class='ocrx_word' id='word_1_453' title='bbox 1066 4087 1165 4134; x_wconf 76' lang='lat' dir='ltr'><strong>gebardo</strong></span> <span class='ocrx_word' id='word_1_454' title='bbox 1180 4087 1212 4129; x_wconf 70' lang='lat'><strong>8¹.</strong></span> <span class='ocrx_word' id='word_1_455' title='bbox 1271 4087 1295 4135; x_wconf 87' lang='lat' dir='ltr'><strong>k)</strong></span> <span class='ocrx_word' id='word_1_456' title='bbox 1309 4097 1386 4128; x_wconf 70' lang='lat' dir='ltr'><strong>ianuar.</strong></span> 
     </span>
     <span class='ocr_line' id='line_1_51' title="bbox 267 4137 1424 4192; baseline 0.003 -16"><span class='ocrx_word' id='word_1_457' title='bbox 267 4137 334 4183; x_wconf 69' lang='lat'><strong>22⁸.</strong></span> <span class='ocrx_word' id='word_1_458' title='bbox 349 4140 453 4190; x_wconf 75' lang='lat' dir='ltr'><strong>—dyoc</strong></span> <span class='ocrx_word' id='word_1_459' title='bbox 468 4140 554 4180; x_wconf 82' lang='lat' dir='ltr'><strong>-suis</strong></span> <span class='ocrx_word' id='word_1_460' title='bbox 569 4151 609 4181; x_wconf 86' lang='lat' dir='ltr'><strong>om.</strong></span> <span class='ocrx_word' id='word_1_461' title='bbox 625 4141 655 4180; x_wconf 79' lang='lat'><strong>2¹.</strong></span> <span class='ocrx_word' id='word_1_462' title='bbox 724 4139 740 4190; x_wconf 90' lang='lat' dir='ltr'><strong>l)</strong></span> <span class='ocrx_word' id='word_1_463' title='bbox 754 4151 816 4179; x_wconf 74' lang='lat' dir='ltr'><strong>suain</strong></span> <span class='ocrx_word' id='word_1_464' title='bbox 830 4145 912 4180; x_wconf 75' lang='lat' dir='ltr'><strong>sectam</strong></span> <span class='ocrx_word' id='word_1_465' title='bbox 926 4139 945 4180; x_wconf 74' lang='grc' dir='ltr'><strong>Β.</strong></span> <span class='ocrx_word' id='word_1_466' title='bbox 1013 4141 1043 4187; x_wconf 85' lang='lat' dir='ltr'><strong>m)</strong></span> <span class='ocrx_word' id='word_1_467' title='bbox 1058 4147 1092 4178; x_wconf 78' lang='lat' dir='ltr'><strong>est</strong></span> <span class='ocrx_word' id='word_1_468' title='bbox 1106 4140 1157 4179; x_wconf 79' lang='lat' dir='ltr'><strong>add.</strong></span> <span class='ocrx_word' id='word_1_469' title='bbox 1174 4142 1205 4182; x_wconf 77' lang='lat'><strong>1⁸.</strong></span> <span class='ocrx_word' id='word_1_470' title='bbox 1272 4141 1296 4192; x_wconf 85' lang='lat' dir='ltr'><strong>n)</strong></span> <span class='ocrx_word' id='word_1_471' title='bbox 1311 4144 1424 4183; x_wconf 79' lang='lat' dir='ltr'><strong>ceterabo</strong></span> 
     </span>
     <span class='ocr_line' id='line_1_52' title="bbox 267 4191 1387 4245; baseline 0.002 -15"><span class='ocrx_word' id='word_1_472' title='bbox 267 4193 362 4239; x_wconf 69' lang='lat' dir='ltr'><strong>Lelex</strong></span> <span class='ocrx_word' id='word_1_473' title='bbox 376 4197 464 4241; x_wconf 79' lang='lat' dir='ltr'><strong>stupro</strong></span> <span class='ocrx_word' id='word_1_474' title='bbox 479 4195 575 4245; x_wconf 71' lang='lat' dir='ltr'><strong>et0);et</strong></span> <span class='ocrx_word' id='word_1_475' title='bbox 588 4194 620 4232; x_wconf 84' lang='lat' dir='ltr'><strong>alc</strong></span> <span class='ocrx_word' id='word_1_476' title='bbox 634 4204 675 4235; x_wconf 84' lang='lat' dir='ltr'><strong>em.</strong></span> <span class='ocrx_word' id='word_1_477' title='bbox 689 4194 721 4232; x_wconf 76' lang='lat'><strong>1⁸.</strong></span> <span class='ocrx_word' id='word_1_478' title='bbox 763 4193 785 4242; x_wconf 89' lang='grc' dir='ltr'><strong>ο)</strong></span> <span class='ocrx_word' id='word_1_479' title='bbox 799 4203 840 4235; x_wconf 84' lang='lat' dir='ltr'><strong>cm.</strong></span> <span class='ocrx_word' id='word_1_480' title='bbox 855 4193 885 4233; x_wconf 80' lang='lat'><strong>1¹.</strong></span> <span class='ocrx_word' id='word_1_481' title='bbox 933 4191 1084 4243; x_wconf 81' lang='lat' dir='ltr'><strong>p)quam1¹.</strong></span> <span class='ocrx_word' id='word_1_482' title='bbox 1131 4192 1153 4243; x_wconf 88' lang='lat' dir='ltr'><strong>q)</strong></span> <span class='ocrx_word' id='word_1_483' title='bbox 1168 4203 1210 4235; x_wconf 84' lang='lat' dir='ltr'><strong>om.</strong></span> <span class='ocrx_word' id='word_1_484' title='bbox 1223 4193 1243 4235; x_wconf 82' lang='lat'><strong>8.</strong></span> <span class='ocrx_word' id='word_1_485' title='bbox 1284 4191 1303 4242; x_wconf 86' lang='lat' dir='ltr'><strong>r)</strong></span> <span class='ocrx_word' id='word_1_486' title='bbox 1318 4199 1341 4232; x_wconf 83' lang='lat' dir='ltr'><strong>et</strong></span> <span class='ocrx_word' id='word_1_487' title='bbox 1355 4197 1387 4236; x_wconf 78' lang='lat'><strong>1⁸.</strong></span> 
     </span>
     <span class='ocr_line' id='line_1_53' title="bbox 267 4241 1386 4296; baseline 0.001 -13"><span class='ocrx_word' id='word_1_488' title='bbox 267 4243 285 4294; x_wconf 87' lang='lat' dir='ltr'><strong>s)</strong></span> <span class='ocrx_word' id='word_1_489' title='bbox 299 4251 377 4294; x_wconf 83' lang='lat' dir='ltr'><strong>raptus</strong></span> <span class='ocrx_word' id='word_1_490' title='bbox 392 4248 424 4287; x_wconf 80' lang='lat'><strong>1¹.</strong></span> <span class='ocrx_word' id='word_1_491' title='bbox 478 4245 496 4296; x_wconf 86' lang='lat' dir='ltr'><strong>t)</strong></span> <span class='ocrx_word' id='word_1_492' title='bbox 509 4257 549 4289; x_wconf 85' lang='lat' dir='ltr'><strong>om.</strong></span> <span class='ocrx_word' id='word_1_493' title='bbox 565 4247 595 4289; x_wconf 78' lang='lat'><strong>2¹.</strong></span> <span class='ocrx_word' id='word_1_494' title='bbox 649 4246 837 4294; x_wconf 80' lang='lat' dir='ltr'><strong>u&gt;conscisa1·;</strong></span> <span class='ocrx_word' id='word_1_495' title='bbox 853 4241 945 4284; x_wconf 82' lang='lat' dir='ltr'><strong>confusa</strong></span> <span class='ocrx_word' id='word_1_496' title='bbox 960 4245 991 4286; x_wconf 72' lang='lat'><strong>2⁸.</strong></span> <span class='ocrx_word' id='word_1_497' title='bbox 1040 4241 1064 4296; x_wconf 83' lang='lat' dir='ltr'><strong>v)</strong></span> <span class='ocrx_word' id='word_1_498' title='bbox 1079 4247 1152 4284; x_wconf 79' lang='lat' dir='ltr'><strong>eadem</strong></span> <span class='ocrx_word' id='word_1_499' title='bbox 1166 4257 1233 4284; x_wconf 80' lang='lat' dir='ltr'><strong>morsu</strong></span> <span class='ocrx_word' id='word_1_500' title='bbox 1247 4257 1302 4288; x_wconf 66' lang='lat' dir='ltr'><strong>scs-r.</strong></span> <span class='ocrx_word' id='word_1_501' title='bbox 1317 4246 1386 4285; x_wconf 78' lang='lat' dir='ltr'><strong>baua-</strong></span> 
     </span>
     <span class='ocr_line' id='line_1_54' title="bbox 266 4297 1386 4391; baseline 0 -55"><span class='ocrx_word' id='word_1_502' title='bbox 266 4307 304 4336; x_wconf 89' lang='lat' dir='ltr'><strong>rus</strong></span> <span class='ocrx_word' id='word_1_503' title='bbox 320 4301 339 4346; x_wconf 86' lang='lat'><strong>1,</strong></span> <span class='ocrx_word' id='word_1_504' title='bbox 354 4299 470 4348; x_wconf 63' lang='lat' dir='ltr'><strong>stiram</strong></span> <span class='ocrx_word' id='word_1_505' title='bbox 494 4301 589 4350; x_wconf 77' lang='lat' dir='ltr'><strong>bayons</strong></span> <span class='ocrx_word' id='word_1_506' title='bbox 604 4299 623 4342; x_wconf 75' lang='lat'><strong>2.</strong></span> <span class='ocrx_word' id='word_1_507' title='bbox 682 4300 712 4345; x_wconf 77' lang='lat' dir='ltr'><strong>av)</strong></span> <span class='ocrx_word' id='word_1_508' title='bbox 727 4297 854 4391; x_wconf 39' lang='lat' dir='ltr'><strong>herettlptfl.</strong></span> <span class='ocrx_word' id='word_1_509' title='bbox 907 4297 931 4348; x_wconf 87' lang='lat' dir='ltr'><strong>x)</strong></span> <span class='ocrx_word' id='word_1_510' title='bbox 946 4297 1047 4336; x_wconf 80' lang='lat' dir='ltr'><strong>rauthan.</strong></span> <span class='ocrx_word' id='word_1_511' title='bbox 1062 4297 1089 4346; x_wconf 62' lang='grc' dir='ltr'><strong>ἲς</strong></span> <span class='ocrx_word' id='word_1_512' title='bbox 1104 4303 1188 4340; x_wconf 80' lang='lat' dir='ltr'><strong>teuton.</strong></span> <span class='ocrx_word' id='word_1_513' title='bbox 1202 4299 1233 4341; x_wconf 69' lang='lat'><strong>2⁵.</strong></span> <span class='ocrx_word' id='word_1_514' title='bbox 1289 4301 1312 4349; x_wconf 85' lang='lat' dir='ltr'><strong>y)</strong></span> <span class='ocrx_word' id='word_1_515' title='bbox 1325 4301 1386 4337; x_wconf 81' lang='lat' dir='ltr'><strong>omni</strong></span> 
     </span>
     <span class='ocr_line' id='line_1_55' title="bbox 267 4349 1386 4403; baseline 0.002 -15"><span class='ocrx_word' id='word_1_516' title='bbox 267 4349 319 4390; x_wconf 76' lang='lat' dir='ltr'><strong>odd.</strong></span> <span class='ocrx_word' id='word_1_517' title='bbox 332 4352 351 4392; x_wconf 80' lang='lat' dir='ltr'><strong>e.</strong></span> <span class='ocrx_word' id='word_1_518' title='bbox 406 4354 426 4399; x_wconf 83' lang='lat' dir='ltr'><strong>a)</strong></span> <span class='ocrx_word' id='word_1_519' title='bbox 439 4351 550 4401; x_wconf 84' lang='lat' dir='ltr'><strong>Nycolaus</strong></span> <span class='ocrx_word' id='word_1_520' title='bbox 566 4355 596 4394; x_wconf 82' lang='lat'><strong>1¹.</strong></span> <span class='ocrx_word' id='word_1_521' title='bbox 650 4350 672 4402; x_wconf 84' lang='lat' dir='ltr'><strong>a)</strong></span> <span class='ocrx_word' id='word_1_522' title='bbox 687 4357 821 4401; x_wconf 81' lang='lat' dir='ltr'><strong>portatur.</strong></span> <span class='ocrx_word' id='word_1_523' title='bbox 875 4350 898 4403; x_wconf 89' lang='lat' dir='ltr'><strong>b)</strong></span> <span class='ocrx_word' id='word_1_524' title='bbox 912 4356 953 4393; x_wconf 83' lang='lat' dir='ltr'><strong>etc.</strong></span> <span class='ocrx_word' id='word_1_525' title='bbox 968 4351 1018 4392; x_wconf 77' lang='lat' dir='ltr'><strong>add.</strong></span> <span class='ocrx_word' id='word_1_526' title='bbox 1033 4353 1065 4390; x_wconf 82' lang='lat'><strong>1¹.</strong></span> <span class='ocrx_word' id='word_1_527' title='bbox 1121 4351 1386 4401; x_wconf 60' lang='lat' dir='ltr'><strong>quaesusumus·</strong></span> 
     </span>
     <span class='ocr_line' id='line_1_56' title="bbox 266 4402 1425 4455; baseline 0.006 -15"><span class='ocrx_word' id='word_1_528' title='bbox 266 4402 315 4441; x_wconf 82' lang='lat' dir='ltr'><strong>solo</strong></span> <span class='ocrx_word' id='word_1_529' title='bbox 329 4402 413 4453; x_wconf 75' lang='lat' dir='ltr'><strong>haberat,</strong></span> <span class='ocrx_word' id='word_1_530' title='bbox 428 4404 503 4442; x_wconf 74' lang='lat' dir='ltr'><strong>desunt</strong></span> <span class='ocrx_word' id='word_1_531' title='bbox 517 4405 536 4448; x_wconf 76' lang='grc'><strong>2,</strong></span> <span class='ocrx_word' id='word_1_532' title='bbox 551 4407 582 4444; x_wconf 76' lang='lat'><strong>2¹·</strong></span> <span class='ocrx_word' id='word_1_533' title='bbox 592 4403 613 4444; x_wconf 61' lang='grc' dir='ltr'><strong>ὓ.</strong></span> <span class='ocrx_word' id='word_1_534' title='bbox 628 4405 647 4446; x_wconf 78' lang='lat'><strong>8.</strong></span> <span class='ocrx_word' id='word_1_535' title='bbox 701 4403 725 4455; x_wconf 91' lang='lat' dir='ltr'><strong>d)</strong></span> <span class='ocrx_word' id='word_1_536' title='bbox 738 4405 821 4446; x_wconf 80' lang='lat' dir='ltr'><strong>Wallta</strong></span> <span class='ocrx_word' id='word_1_537' title='bbox 836 4407 866 4448; x_wconf 78' lang='lat'><strong>1⁸.</strong></span> <span class='ocrx_word' id='word_1_538' title='bbox 1397 4409 1425 4447; x_wconf 78' lang='lat' dir='ltr'><strong>bd</strong></span> 
     </span>
    </p>
   </div>
   <div class='ocr_carea' id='block_1_8' title="bbox 0 0 1609 4996">
    <p class='ocr_par' dir='ltr' id='par_1_10' title="bbox 0 0 1609 4996">
     <span class='ocr_line' id='line_1_57' title="bbox 0 0 1609 4996; baseline 0 0"><span class='ocrx_word' id='word_1_539' title='bbox 0 0 1609 4996; x_wconf 95' lang='lat' dir='ltr'><strong> </strong></span> 
     </span>
    </p>
   </div>
  </div>
 </body>
</html>
