3188 4990
274 466 327 520 266
408 460 740 520 ercammarum
752 460 1015 518 ERFORDENSIS
1028 461 1119 519 Mon.
1137 461 1174 520 A.
1186 465 1263 520 1274.

187 646 374 730 1274.geliis
404 668 466 730 pro
495 666 531 711 se
561 649 597 711 et
625 666 686 730 pro
717 645 766 710 eis
796 645 876 728 qui*
903 629 1070 710 miserunt
1098 646 1200 730 ipsos,
1230 647 1393 712 videlicet

275 756 337 819 pro
366 735 617 819 quinquaginta
646 733 935 818 'metropolitanis
966 735 1231 818 archiepiscopis
1261 739 1297 800 et
1330 756 1494 820 proauos.

275 824 472 908 quingentis
507 823 674 907 episcopis
709 826 745 888 et
782 843 900 888 eorum
934 823 1063 887 sinodis
1093 826 1129 888 et
1158 823 1320 902 subditis,
1352 847 1392 890 ac

174 907 474 997 (1·a.s).logothetab
501 933 563 997 pro
589 912 796 996 imperatore
820 910 1008 977 Grecorum
1030 911 1168 996 publice
1191 913 1392 978 iuraverunt

274 1003 372 1066 iuxta
400 1002 547 1066 formam
576 1021 643 1084 que
672 1001 820 1066 habetur
849 999 901 1065 Dc
922 999 1150 1065 iureiurando⁰
1179 1005 1291 1066 extra:
1322 1002 1424 1084 Epor

275 1089 464 1171 eprisccposl.
512 1088 730 1154 Confitentur
759 1109 885 1173 papam
914 1109 986 1155 esse
1017 1093 1122 1173 caput
1152 1094 1187 1155 et
1220 1111 1392 1154 summum

174 1204 204 1251 η.
213 1204 266 1246 181¹.
275 1179 455 1262 primatem
481 1178 648 1243 'omnium
677 1178 887 1262 prelatorum
918 1181 955 1243 et
983 1178 1136 1242 omnium
1160 1179 1390 1256 ecclesiarum,

275 1271 311 1332 et
335 1269 366 1332 ei
389 1267 620 1333 reverenciam
643 1270 679 1332 et
699 1267 935 1332 obedienciam
957 1267 1203 1351 promiserunt;
1228 1268 1392 1333 articulos

275 1377 369 1421 sacre
399 1356 480 1421 fidei
508 1377 585 1420 cum
616 1355 761 1420 ecclesia
782 1356 909 1420 Latina
937 1356 1066 1421 eisdem
1088 1355 1201 1421 verbis
1231 1357 1392 1422 confiten-

275 1449 343 1522 tur,
367 1445 539 1530 recipiunt
562 1447 598 1509 et
620 1445 776 1510 credunt.
822 1444 877 1509 Sic
902 1443 1005 1510 Greci
1034 1445 1211 1509 orientalis
1238 1446 1390 1524 ecclesie,
1404 1470 1430 1508 ιο

275 1534 394 1618 quiin
417 1534 576 1599 scismate
599 1528 805 1598 scismaticid
830 1534 975 1598 fuerunt
1005 1533 1048 1598 ab
1072 1554 1162 1597 anno
1185 1535 1392 1599 incarnacio-

276 1622 328 1686 nis
358 1622 499 1686 Domini
527 1621 741 1699 MXXVIII,
772 1622 837 1686 hoc
869 1626 921 1687 est
954 1642 1016 1706 per
1050 1643 1157 1686 annos
1187 1621 1390 1699 CCXLVII,

276 1731 382 1794 usque
417 1712 528 1789 modo,
560 1711 604 1775 ed
633 1711 806 1775 unitatem
840 1711 982 1777 ecclesie
1016 1711 1193 1776 redierunt
1227 1712 1291 1777 sub
1325 1713 1392 1776 isto

523 1800 530 1814 ⁸
651 1800 658 1814 ¹
801 1800 808 1814 ¹
1066 1799 1072 1814 ⁸
1224 1804 1237 1837 θ

275 1798 567 1973 diligitei&
584 1799 903 1953 beiibbqiiitb
918 1798 1430 1955 atftttssttalbtr

275 1978 460 2043 tumaciter
482 1980 695 2043 recesserunt
705 1978 726 2039 ².
772 1977 896 2061 Itaque
926 1976 1103 2042 redierunt
1126 1979 1333 2042 subicientes
1356 2000 1392 2042 se

275 2065 454 2131 humiliter
476 2069 593 2131 sancte
615 2067 769 2130 Romane
793 2066 944 2143 ecclesie,
969 2086 1009 2130 eo
1032 2069 1150 2130 tamen
1173 2067 1276 2144 salvo,
1301 2067 1392 2150 quod

275 2156 521 2240 permittantur
543 2176 676 2220 servare
707 2158 742 2220 et
764 2159 883 2220 tenere
905 2155 1172 2220 consuetudines
1195 2154 1390 2230 Grecorum,

276 2265 342 2327 que
370 2265 441 2307 non
471 2248 552 2308 sunt
582 2246 703 2308 contra
732 2244 849 2307 divina
877 2245 1043 2308 mandata
1073 2247 1109 2308 et
1131 2247 1251 2308 contra
1273 2247 1392 2308 sancta

276 2332 473 2416 euangelia.
564 2332 629 2396 His
655 2325 726 2396 itas
752 2333 900 2416 peractis
923 2352 1014 2416 papa
1036 2353 1114 2396 cum
1136 2335 1211 2396 toto
1235 2331 1429 2408 concilium

274 2421 410 2504 ingenti
440 2420 654 2486 exultacione
685 2425 721 2486 et
751 2421 991 2486 lacrimacione
1021 2420 1161 2506 perfusi,
1185 2420 1279 2485 clara
1308 2441 1390 2486 voce

275 2509 312 2572 in
340 2509 511 2574 excelsum
538 2513 738 2574 resonantes
766 2513 994 2575 cantaverunt
1022 2509 1067 2574 ad
1094 2509 1231 2574 laudem
1255 2508 1322 2574 Dei
1348 2509 1391 2573 Te

274 2596 380 2661 Deum
395 2597 563 2662 modernus
584 2618 692 2682 usque
714 2599 752 2662 in
767 2599 869 2664 finem
895 2603 930 2663 et
945 2598 1103 2664 similiter
1124 2595 1224 2662 Credo
1240 2596 1278 2662 in
1292 2618 1391 2662 onum

275 2684 379 2750 Deum
402 2707 463 2770 per
485 2690 609 2750 totum.
656 2686 829 2752 Continuo
853 2686 955 2752 Greci
985 2708 1046 2772 per
1072 2707 1108 2752 se
1132 2685 1243 2752 Creca
1264 2687 1392 2770 lingna

275 2775 311 2839 id
334 2775 446 2858 ipsum
472 2773 572 2840 Credo
594 2774 630 2840 in
652 2796 752 2840 unum
774 2775 887 2856 Demo,
912 2776 971 2841 sed
994 2777 1095 2840 illum
1117 2776 1302 2840 articulum
1330 2775 1429 2857 Quinc

275 2883 313 2927 cc
336 2869 431 2944 patre
460 2862 587 2945 filioque
610 2863 755 2944 procedit
775 2864 887 2930 tribus
910 2865 1042 2930 vicibus
1065 2865 1254 2954 successive
1278 2868 1391 2929 canta-

274 2957 411 3032 verunt,
448 2953 626 3018 informati
661 2954 704 3017 ab
738 2954 889 3037 ipsorum
924 2955 1113 3038 interprete
1121 2953 1142 3015 ³.
1189 2953 1235 3017 Et
1268 2953 1391 3020 merito

274 3041 495 3126 gaudendum
518 3042 676 3107 omnibus
693 3041 823 3106 Christi
846 3043 1006 3107 fidelibus
1028 3043 1099 3105 fuit
1122 3044 1158 3106 et
1181 3063 1241 3127 pre
1264 3043 1391 3126 gaudio

273 3130 435 3209 flendum,
461 3131 551 3214 quod
576 3130 667 3195 filius
683 3131 847 3214 prodigus
871 3132 913 3196 de
937 3133 1076 3216 regione
1101 3130 1391 3195 dissimilitudinis

128 3219 318 3288 nanaraad
341 3223 475 3304 patrem
505 3224 540 3284 et
570 3220 614 3283 ad
637 3220 762 3284 stolam
786 3220 930 3304 primam
952 3239 1108 3286 reversus
1131 3223 1193 3284 est.
1239 3219 1391 3303 Ideoque
1402 3238 1429 3279 ro

274 3329 363 3392 papa
387 3309 573 3373 cumomni
590 3309 735 3373 concilio
751 3310 912 3373 hortatur
936 3313 971 3375 et
986 3310 1104 3372 monet
1127 3329 1245 3374 omnes
1262 3308 1392 3374 Christi

274 3397 392 3462 fideles
408 3397 556 3462 multum
572 3398 723 3481 gaudere
747 3398 880 3474 dehoc,
905 3398 997 3481 quod
1018 3401 1091 3462 tam
1115 3397 1267 3462 solemne
1290 3415 1391 3463 mem=

274 3485 374 3550 brum
397 3486 599 3551 universalis
622 3485 774 3564 ecclesie,
799 3485 1008 3552 videlicetL
1032 3484 1305 3570 archiepiscopos
1328 3507 1391 3551 nec

273 3596 343 3639 non
367 3578 402 3640 et
425 3574 457 3637 D
482 3576 657 3659 episcopos
688 3595 764 3639 cum
794 3575 864 3638 suis
894 3575 1024 3640 sinodis
1047 3578 1083 3640 et
1106 3574 1264 3653 subditis,
1289 3575 1391 3640 simul

274 3668 310 3728 et
343 3664 585 3748 imperatorem
616 3663 803 3729 Grecorum
840 3683 917 3728 cum
951 3684 1013 3728 suo
1049 3684 1165 3748 regno,
1201 3664 1428 3729 misericorsss

274 3751 369 3816 Deus
387 3773 448 3836 per
466 3752 578 3837 ipsum
597 3773 722 3836 papam
745 3753 908 3817 reducere
932 3753 1166 3835 dignatusest
1189 3773 1209 3817 a
1232 3753 1391 3818 scismate

274 3843 309 3904 et
333 3860 455 3905 errore.
546 3841 721 3906 Defuncto
749 3841 906 3907 antistite
929 3842 1176 3925 Lugdunensi⁴
1198 3863 1288 3926 papa
1311 3840 1391 3907 Gre-

273 4000 295 4044 ι)
317 3995 404 4036 ωηεν.
418 3996 436 4036 1.
508 3993 532 4045 b)
552 3995 668 4045 logothsca
682 3998 705 4047 1;
726 3995 842 4046 legotheos
855 3979 912 4041 Μ’
968 3998 989 4045 c)
1009 3997 1039 4036 ele
1053 3997 1085 4046 Β,-
1105 3998 1154 4037 lure
1169 3999 1188 4041 l.
1267 3995 1290 4048 d)
1311 4007 1351 4038 om.
1364 3995 1392 4038 R.

273 4045 295 4097 e)
308 4047 381 4086 eaden
395 4059 461 4086 manu
474 4057 581 4097 rupsnm
594 4051 613 4092 1.
664 4049 773 4100 ottoque
786 4050 814 4092 R.

274 4155 301 4224 1)
328 4153 458 4208 Dccrctol.
487 4155 614 4221 Gregorii
630 4154 683 4210 IX.
709 4156 725 4210 l.
745 4155 789 4220 II,
814 4158 854 4210 tat.
873 4158 921 4222 24,
946 4173 967 4216 c,
986 4158 1011 4212 4.
1101 4156 1129 4226 2)
1155 4155 1227 4208 Haec
1251 4171 1285 4208 ca·
1310 4155 1426 4210 Cremo

272 4226 379 4277 isium
402 4241 428 4279 o.
450 4226 532 4292 1028,
556 4225 602 4278 SS.
623 4225 730 4292 XXIV,
751 4244 781 4293 p.
802 4229 866 4294 189,
893 4234 985 4280 nudor
1002 4231 1123 4296 sumpsit.
1195 4227 1222 4292 3)
1238 4225 1272 4277 In
1291 4233 1390 4293 gruona

272 4298 383 4350 smirne
400 4294 466 4360 (Iul.
486 4298 533 4358 6),·
558 4297 652 4348 Βνευίε
669 4304 743 4363 nota,
760 4297 847 4352 Lache
872 4314 892 4354 c.
912 4301 973 4362 958,
999 4299 1093 4352 Mami
1111 4315 1141 4366 p.
1161 4299 1204 4363 65,
1229 4313 1284 4364 qua
1302 4297 1390 4349 eadem

272 4367 360 4420 relata
377 4371 448 4420 sunl.
526 4367 554 4433 4)
571 4367 634 4419 Non
652 4367 782 4434 defusae,
805 4369 850 4422 scd
868 4369 947 4422 Petro
964 4371 996 4422 dc
1017 4369 1177 4424 Tormton'a
1194 4367 1391 4435 archispiscopo

233 4472 236 4478 ·
272 4440 303 4489 in
320 4439 496 4504 epeccpatum
515 4437 656 4491 Ostiensem
674 4439 813 4494 translato.
