3136 4990
260 413 292 464 14
347 407 528 462 ANNALIIS
548 407 575 464 S.
589 408 704 462 PETRI
722 407 1097 464 ERPHESFURTENSES
1115 407 1286 478 ANTIQUI.

157 572 233 664 {¹5:¹²
259 585 437 638 deturbarent
456 589 484 638 et
502 586 600 638 merita
616 589 705 638 morte
723 587 840 638 multato
859 585 965 655 insigne
984 586 1182 639 monimentum
1201 585 1236 639 ad
1252 591 1376 654 posteros

125 637 151 674 ²²¹
216 637 248 673 Ν
259 657 489 722 transmitterent,
515 673 550 710 ne
576 657 635 724 quis
660 656 788 724 deinceps
814 673 996 710 successorum
1023 657 1080 709 eius
1105 658 1188 710 talem
1213 657 1377 710 sacerdotali

259 727 363 780 nomini
391 728 555 780 calumniam
579 731 683 780 struere
711 731 867 795 temptaret.
910 726 979 779 Oum
1007 727 1042 780 ad
1070 727 1228 796 episcopum
1256 729 1374 781 relatum

259 802 329 851 esset
345 799 398 851 hoc
416 815 462 852 eos
475 798 633 862 machinari,
652 798 834 850 commonitus
848 815 862 850 a
876 798 938 866 suis,
954 801 985 850 ut
998 800 1154 865 tumultum,
1167 799 1214 866 qui
1227 799 1375 866 oriebatur,

259 873 367 922 matura
391 869 579 922 moderatione
604 873 787 936 preverteret,
817 869 891 922 misit
917 869 951 922 ad
977 885 1022 922 eos
1049 869 1120 922 sorae
1145 869 1319 938 rogavitque,
1345 875 1399 924 uts

259 939 352 993 sedato
367 945 479 1008 pectore
493 939 521 992 in
540 939 673 1007 synodum
690 939 915 1009 regrederentur;
934 957 971 1008 se,
991 957 1053 992 cum
1071 941 1191 1008 primum
1205 941 1376 1009 oportunitas

259 1011 399 1078 arrisisset,
421 1011 538 1064 Romam
564 1011 708 1064 missurum
735 1015 763 1063 et
788 1011 918 1063 domnum
945 1011 1133 1078 apostolicum,
1159 1011 1181 1064 ai
1206 1029 1261 1079 qua
1285 1018 1377 1080 posset

258 1081 377 1147 racione,
397 1082 430 1135 ab
449 1082 501 1135 hac
520 1082 671 1135 sententiae
690 1081 848 1135 austeritate
866 1081 1056 1136 deducturum.

366 1178 480 1231 Postero
499 1179 543 1232 die
562 1179 685 1232 admissis
703 1179 731 1230 in
751 1179 916 1232 auditorium
936 1179 1118 1232 communiter
1132 1179 1207 1232 laicis
1220 1183 1248 1232 et
1260 1178 1376 1242 clericis,

259 1255 378 1302 veterem
398 1249 473 1302 illam
493 1250 527 1302 de
546 1250 691 1303 reddendis
710 1249 823 1303 decimis
842 1251 980 1318 querelam
998 1250 1122 1318 replicat,
1146 1256 1174 1304 et
1192 1249 1269 1318 quasi
1292 1250 1376 1303 nichil
1389 1267 1413 1304 sc

259 1321 331 1374 bello
350 1319 495 1388 Saxonico,
517 1321 603 1373 nichil
622 1326 712 1372 actum
733 1322 767 1372 sit
786 1320 996 1386 conditionibus,
1022 1321 1120 1388 quibus
1144 1321 1227 1389 paulo
1253 1321 1376 1388 superius

260 1392 286 1443 in
306 1389 474 1460 Gerstingun
493 1409 547 1458 pax
567 1395 738 1458 convenerat,
758 1391 792 1444 de
811 1392 919 1462 integro
938 1391 1095 1460 Thuringos
1113 1409 1206 1444 omnes
1224 1391 1258 1444 de
1277 1390 1377 1444 iniusta

259 1462 428 1514 decimarum
455 1462 638 1515 retentatione
665 1479 726 1515 reos
754 1462 881 1516 addicere
910 1462 1031 1530 molitur,
1062 1479 1113 1516 nec
1141 1463 1276 1532 recogitat
1304 1462 1376 1514 hanc

260 1550 369 1586 causam
388 1533 521 1603 originem
540 1533 770 1600 seminariumque
790 1533 909 1586 extitisse
929 1533 1051 1586 omniurn
1065 1533 1259 1600 calamitatum,
1279 1533 1377 1601 quibus

260 1621 309 1672 per
339 1605 430 1672 plures
464 1604 540 1655 iamss
576 1621 661 1656 annos
695 1621 738 1656 res
773 1603 902 1671 publicab
937 1603 1186 1657 incommodissime
1217 1606 1375 1658 vexabatur.
1389 1620 1414 1658 15

260 1675 378 1744 Indigna
403 1675 484 1726 nimis
508 1675 631 1727 tulerunt
656 1675 708 1726 hoc
735 1674 880 1744 Thuringi,
906 1679 1001 1742 utpote
1027 1675 1073 1743 qui
1098 1681 1212 1744 propter
1236 1680 1377 1727 recentem

260 1745 325 1799 belli
347 1762 499 1798 successum
519 1745 639 1797 tumidos
658 1745 746 1797 adhuc
766 1746 876 1814 spiritus
894 1746 1034 1813 gerebant,
1054 1745 1159 1815 sibique
1178 1750 1375 1814 persuaserant,

260 1817 333 1884 quod
351 1821 413 1884 post
431 1815 629 1884 triumphatum
652 1833 747 1885 regem
771 1821 799 1868 et
824 1821 967 1884 acceptum
990 1820 1098 1886 gustum
1126 1816 1256 1870 audaciae
1282 1832 1375 1868 eorum

259 1888 350 1940 nullus
369 1887 497 1955 deinceps
516 1887 623 1939 futurus
642 1893 710 1940 esset
730 1887 880 1956 episcopus,
900 1887 946 1955 qui
965 1887 1004 1940 eis
1023 1887 1141 1955 aliquam
1164 1904 1247 1954 super
1271 1886 1323 1938 hac
1346 1904 1375 1939 rc

260 1975 369 2011 movere
392 1958 544 2010 molestiam
572 1957 693 2011 auderet.
735 1957 829 2010 Primo
855 1963 947 2011 tamen
973 1958 1131 2026 temperatis
1156 1957 1413 2026 responsionibusao

260 2030 284 2082 ei
311 2035 461 2097 suggerunt
485 2046 540 2080 non
566 2029 619 2081 alia
644 2046 672 2080 se
697 2029 808 2082 racione
833 2029 862 2081 in
888 2028 1056 2098 Garstingun
1081 2028 1285 2096 recuperandae
1315 2028 1376 2095 paci

261 2101 434 2166 consensisse,
460 2116 540 2168 quam
561 2105 592 2152 ut
614 2099 735 2170 legitima
759 2117 808 2153 sua
832 2117 847 2152 a
870 2099 965 2167 primis
990 2100 1086 2153 diebus
1110 2104 1213 2153 statuta
1235 2105 1296 2152 rata
1325 2099 1377 2151 sibi

260 2171 289 2222 in
301 2175 463 2239 perpetuum
477 2177 558 2239 atque
576 2170 735 2223 inconvulsa
754 2176 905 2226 manerent.
943 2170 1011 2223 Cum
1030 2171 1098 2224 haec
1117 2171 1276 2238 replicando
1289 2169 1377 2222 surdis

261 2243 371 2294 auribus
395 2240 517 2294 fabulam
542 2258 654 2294 narrare
681 2240 847 2308 viderentur,
875 2241 965 2294 subito
993 2241 1105 2295 efferata
1133 2244 1225 2294 ruente
1250 2258 1279 2294 sa
1304 2239 1377 2292 foras

260 2313 427 2380 proripiunt,
453 2312 488 2364 ad
511 2330 587 2364 arma
610 2312 781 2365 conclamant
801 2318 828 2365 ct
851 2311 885 2365 ad
911 2318 1080 2365 momentum
1105 2316 1246 2364 contracta
1271 2311 1376 2380 ingenti
1387 2329 1413 2366 aa

260 2383 436 2436 multitudine
454 2382 482 2436 in
500 2383 633 2450 synodum
651 2387 848 2452 prorumpunt3
868 2387 896 2436 et
913 2384 965 2436 nisi
984 2383 1117 2436 maturius
1138 2383 1238 2436 milites
1256 2381 1376 2450 episcopi

261 2455 474 2507 intercessissent
512 2457 540 2506 et
571 2454 737 2508 blandiendo
774 2455 966 2522 racionamque
1002 2453 1140 2508 reddendo
1173 2454 1264 2522 potius
1295 2469 1376 2521 quam

260 2525 439 2594 repugnando
461 2555 491 2564 —
512 2524 640 2593 quoniam
667 2525 768 2578 viribus
794 2525 911 2592 impares
935 2531 1013 2578 erant
1037 2557 1072 2564 -
1098 2523 1255 2578 ferocientis
1280 2525 1378 2577 turbae

262 2598 393 2664 impetum
413 2595 602 2664 inhibuissent,
628 2595 656 2648 in
675 2595 733 2663 ipsa
753 2595 883 2648 cathedra
908 2597 1057 2664 episcopali
1082 2596 1239 2664 episcopum
1267 2612 1378 2663 oppres-

261 2667 364 2721 sissent.
401 2666 447 2719 Ita
465 2668 555 2719 soluta
574 2671 615 2719 est
633 2666 758 2734 synodus,
778 2671 834 2718 tam
854 2667 981 2734 episcopo
1001 2685 1082 2735 quam
1106 2667 1210 2719 cunctis
1235 2666 1283 2733 qui
1309 2683 1414 2720 asse-ao

262 2738 358 2790 derant
384 2738 489 2790 clericis
515 2737 612 2790 ultima
635 2737 782 2791 formidine
808 2738 986 2790 consternatis
1016 2742 1044 2790 et
1070 2738 1168 2806 passim
1202 2753 1252 2804 per
1283 2753 1377 2789 omnes

262 2809 409 2861 aecclesiae
438 2809 552 2877 angulos
579 2809 697 2862 latebras
725 2808 776 2861 sibi
802 2809 1002 2875 quaerentibus.
1047 2808 1147 2862 Statim
1173 2808 1315 2876 episcopus
1343 2809 1377 2860 ab

261 2879 424 2947 Erphesfurt
447 2879 588 2932 discedens
611 2880 744 2947 reliquam
764 2887 869 2948 partem
889 2879 953 2932 anni
973 2897 1055 2948 usque
1075 2879 1109 2932 ad
1131 2879 1325 2946 epiphaniam⁰
1350 2877 1378 2930 in

261 2950 447 3019 Heiligenstat
464 2951 564 3019 exegit.

367 3037 515 3093 MLXXV.
547 3037 608 3091 Rex
627 3039 747 3090 natalem
766 3038 877 3091 Domini
896 3037 1075 3106 Argentorati
1101 3037 1258 3106 celebravit.
1296 3036 1415 3093 omn-ss

261 3126 314 3176 que
334 3109 459 3162 adessent
476 3127 557 3177 quam
577 3109 689 3177 plurimi
709 3127 742 3162 ex
762 3109 937 3177 principibus,
964 3125 1030 3177 quos
1050 3108 1096 3162 ille
1115 3108 1208 3162 dedita
1235 3125 1318 3176 opera
1344 3108 1378 3161 de

261 3185 320 3232 toto
338 3196 425 3249 regno
445 3179 479 3232 ed
498 3180 571 3232 diem
590 3180 688 3232 festum
714 3183 883 3248 evocaverat,
901 3181 1001 3232 ·hcbuit
1019 3197 1078 3232 cum
1096 3183 1134 3233 eia
1151 3182 1300 3231 misterium
1318 3196 1379 3232 eorr-

260 3253 321 3303 sitii
337 3255 382 3304 sui
407 3255 435 3304 et
459 3267 505 3304 eos
530 3250 618 3302 modis
644 3252 770 3304 omnibus
796 3250 830 3303 ad
855 3250 1062 3304 instaurandum
1088 3251 1191 3304 bellum
1211 3249 1377 3304 Saxonicum

124 3330 434 3434 ,{f,·,{„,⁸0lli⁰iltbal·
476 3327 673 3409 Eodemque
697 3349 787 3390 anno
812 3349 974 3410 magnum
996 3327 1141 3411 prelium
1160 3325 1284 3390 habuit
1300 3347 1377 3390 oum

144 3417 148 3426 '
263 3415 454 3479 Senonibus
493 3419 528 3479 et
562 3415 748 3498 Thuringis
786 3417 884 3478 iuxta
922 3416 1064 3479 fluvium
1100 3416 1249 3479 Unstrut
1286 3415 1415 3482 infrare

133 3504 497 3586 m.p.asu.Thuringiam.
543 3515 675 3569 Eodem
695 3533 786 3568 anno
804 3515 843 3570 II.
863 3514 934 3571 Non.
954 3515 1019 3571 Dec.
1039 3515 1122 3568 Anno
1149 3515 1379 3570 venerabilis
1401 3575 1405 3602 Ι,

263 3587 494 3654 archiepiscopus
513 3586 681 3640 Coloniensis
699 3587 829 3656 migravit
848 3587 883 3639 ad
901 3587 1098 3642 Dominum.
1389 3651 1431 3695 [Β
1494 3653 1526 3690 ,¹

1403 3679 1407 3688 .
1446 3655 1507 3695 ¹,ro,
1532 3683 1539 3694 .

173 3705 250 3758 1078.
368 3689 607 3753 MLXXVIII.
652 3684 869 3754 Secundum‘l
897 3689 1027 3754 bellum
1057 3691 1127 3752 fuit
1156 3690 1193 3752 in
1221 3651 1500 3772 Meceni-ssim

169 3775 250 3822 ml·
262 3778 390 3841 chistat
405 3778 507 3840 VIII.
534 3779 617 3842 Idus
642 3777 752 3861 Αιις.1
1409 3761 1476 3805 W·

261 3987 282 4034 a)
296 3995 402 4032 super-scr.
458 3985 480 4032 b)
495 3995 513 4023 r.
529 3995 551 4033 p.
566 3997 584 4023 r.
639 3988 660 4028 cl
675 3985 743 4034 eptpll
757 3997 774 4027 a.
829 3986 850 4034 d)
865 3986 917 4024 haec
931 3997 998 4023 surana
1012 3986 1135 4034 Bscrspra.
1389 3995 1415 4031 ,15

263 4167 288 4228 1)
312 4163 406 4214 Potius
431 4163 494 4216 VII.
519 4163 585 4213 Idus
613 4163 699 4227 Auy„
727 4169 756 4212 ut
783 4165 863 4213 etiam
890 4165 962 4216 Anas.
989 4163 1016 4216 S.
1042 4163 1146 4213 Albani
1171 4161 1378 4226 (dissitum),

261 4235 309 4287 SS.
324 4233 362 4300 II,
378 4250 406 4300 p.
420 4236 483 4298 245,
503 4233 605 4286 sahmi.
643 4234 740 4284 Locum
761 4249 869 4298 preparas
888 4235 1086 4286 ltIatIrichstodt
1108 4233 1160 4284 soli
1178 4233 1272 4283 Brimo
1296 4249 1317 4285 c.
1336 4235 1377 4286 titi.

260 4312 283 4355 rt
309 4305 394 4356 Cossis
419 4310 530 4356 monost
555 4305 703 4356 Peterslaus.
728 4303 767 4366 II,
786 4306 829 4368 35,
855 4305 902 4357 SS.
922 4305 985 4372 XX,
1008 4307 1119 4371 pelo,
1144 4309 1168 4355 et
1195 4304 1274 4354 Gesta
1302 4305 1377 4369 episc.

262 4375 441 4439 Ilnlberstad,
461 4377 508 4428 SS.
522 4375 636 4438 XXIII,
651 4392 681 4441 p.
695 4376 737 4438 99,
759 4374 861 4427 hubent.
