3182 4996
315 508 370 561 424
467 501 661 559 deomena
677 502 707 559 S.
715 503 831 559 PETRI
843 503 1004 563 aaroni).
1021 501 1219 560 APPDNDIX
1228 503 1279 561 Vi

317 695 412 769 scopi,
437 693 592 763 Eucherii,
617 695 744 763 Valerii,
768 694 913 764 Materni,
938 694 1040 770 Egidii
1070 695 1204 763 abbatis,
1228 693 1319 752 Pauli
1341 696 1437 770 primi

316 783 476 852 heremite,
508 783 606 840 Maris
630 783 826 858 Magdalene,
850 783 983 858 Agathe,
1008 784 1151 859 Agnetis,
1182 783 1285 852 Lucia,
1310 783 1436 852 Oecilie,

234 871 502 947 ⁸nsaldargarete,
529 866 730 942 *Felicitatis
755 873 940 941 Petronelle,
965 872 1144 941 Scolastice,
1168 873 1346 943 Anastasia,
1370 873 1437 930 Un-

315 961 417 1018 decim
440 961 563 1018 milium
586 961 753 1036 virginum.

220 1049 306 1102 1231?
422 1044 547 1108 Anno‘
575 1043 618 1108 ab
645 1045 884 1108 incarnatione
908 1043 1049 1108 Domini
1071 1041 1361 1120 M⁰OO⁰XXX⁰I⁰,
1385 1045 1471 1110 ins

215 1152 264 1192 ra..
273 1155 306 1198 a.
315 1132 468 1196 dictione
491 1131 600 1196 VIII·
610 1133 630 1210 ¹,
662 1132 725 1195 XI.
752 1132 832 1196 Kal.
866 1132 949 1196 Iulii
979 1137 1179 1197 consecrata
1206 1136 1258 1198 est
1291 1132 1436 1197 basilica

314 1221 406 1285 inter
435 1221 616 1286 inferiores
645 1217 780 1286 turres*
803 1243 824 1285 a
847 1221 1070 1286 Willehelmo
1096 1220 1286 1286 venerabili
1308 1221 1435 1286 Herel-

313 1309 474 1394 bergensi
503 1311 663 1395 episcopo
693 1311 730 1374 in
761 1311 890 1375 honore
920 1315 1039 1375 sancte
1071 1313 1107 1375 et
1136 1310 1314 1375 individue
1336 1311 1435 1374 trini

314 1399 398 1463 tatis
421 1401 457 1464 et
479 1399 758 1464 victoriosissime
786 1403 905 1464 sancte
928 1399 1038 1464 crucis
1069 1402 1104 1464 et
1127 1400 1342 1465 sanctissime
1365 1399 1435 1464 Dei

314 1488 491 1571 genitricis
521 1507 721 1572 semperque
752 1488 893 1571 virginis
923 1487 1038 1553 Maria
1063 1491 1098 1553 et
1124 1489 1278 1552 omnium
1301 1491 1473 1554 sanctone

313 1597 400 1639 rum.
431 1583 499 1640 Hee
513 1587 621 1640 autem
636 1583 765 1658 reliquie
784 1586 965 1641 sanctorum
981 1585 1183 1641 continentur
1200 1583 1258 1641 ibi:
1283 1583 1331 1640 De
1346 1584 1432 1658 ligno

314 1671 449 1739 Domini,
474 1670 513 1728 de
536 1671 701 1746 sepulchro
716 1671 853 1740 Domini,
877 1673 917 1730 de
932 1673 1130 1730 vestimentis
1153 1672 1290 1741 Domini,
1307 1672 1347 1730 de
1363 1673 1433 1730 oleo

314 1763 421 1817 sancte
438 1760 545 1829 Marie,
561 1759 711 1818 Iohannis
726 1761 874 1835 baptiste.
898 1760 1085 1820 Sanctorum
1100 1760 1329 1836 apostolorum:
1346 1762 1433 1818 Petri

313 1852 346 1906 et
359 1849 459 1918 Pauli,
482 1850 618 1918 Andree,
642 1849 791 1907 Iohannis
807 1850 1019 1925 ewangeliste,
1042 1850 1156 1918 iacobi,
1178 1850 1275 1908 Marci
1291 1867 1432 1925 ewange·

312 1937 393 1994 liste.
411 1937 598 1996 Sanctorum
610 1942 798 2012 martyrum:
817 1937 968 2014 Stephani
983 1938 1254 2014 prothomartyris,
1271 1938 1432 1997 Laurentii
1442 1957 1467 1998 rs

313 2028 470 2100 martyris,
496 2027 608 2085 Abdon
633 2031 666 2085 et
688 2027 823 2096 Sennen,
852 2029 891 2085 de
914 2029 1036 2102 legione
1058 2027 1265 2098 Thebeorum,
1289 2027 1430 2086 Nicome-

313 2115 361 2172 dis
397 2116 554 2191 martyris,
585 2115 720 2191 Crispini
753 2121 787 2174 et
815 2115 1004 2191 Crispiniani
1038 2104 1249 2190 martyrumb,
1282 2116 1429 2174 Basilidis

312 2205 470 2278 martyris,
493 2205 603 2262 Prothi
632 2209 665 2263 et
686 2205 817 2263 lacincti
846 2193 1056 2279 martyruml,
1081 2204 1208 2263 Eusebii
1237 2207 1375 2281 episcopi
1397 2211 1430 2263 et

312 2294 470 2367 martyris,
494 2294 560 2350 Viti
582 2295 740 2368 martyris,
765 2297 946 2352 sanctorum
969 2294 1161 2363 Maurorum,
1185 2293 1344 2352 Laurentii
1368 2295 1429 2370 epi·

234 2394 303 2443 rau.
313 2381 399 2455 scopi
422 2385 454 2438 et
477 2383 634 2456 martyris,
658 2382 755 2440 Blasii
778 2384 915 2458 episcopi
938 2387 971 2441 et
992 2385 1151 2458 martyris,
1175 2383 1337 2442 Adelberti
1354 2379 1464 2459 ‘epi-rc

312 2470 398 2544 scopi
428 2473 460 2527 et
487 2471 645 2544 martyris,
675 2471 864 2547 Apollinaris
894 2473 1031 2548 episcopi
1060 2476 1093 2530 et
1122 2474 1279 2546 martyris,
1310 2472 1429 2530 Kalixti

311 2575 392 2633 pape
422 2562 455 2616 et
485 2560 644 2633 martyris,
676 2559 817 2618 Processi
846 2564 880 2619 et
907 2561 1089 2618 Martiniani
1118 2548 1329 2636 marrymml,
1361 2561 1426 2620 Gle-

311 2647 427 2704 mentis
450 2664 531 2722 pape
554 2651 587 2705 et
609 2649 766 2723 martyris,
790 2649 991 2708 Pantaleonis
1014 2650 1171 2724 martyris,
1195 2651 1348 2726 Policarpi
1366 2651 1427 2726 epi·

311 2737 397 2810 scopi
427 2739 460 2793 et
492 2737 649 2811 martyris,
679 2736 791 2796 Felicis
821 2743 854 2796 et
884 2739 1018 2797 Adaucti
1052 2726 1262 2813 martymml’,
1295 2739 1427 2796 Dionisii

310 2825 468 2899 martyris,
493 2824 643 2883 Gereonis
658 2828 817 2902 martyris,
841 2827 983 2885 Gervasii
998 2831 1031 2885 et
1045 2827 1200 2885 Prothasii
1215 2815 1425 2902 martyruml,
1436 2844 1461 2884 a

310 2913 407 2970 Primi
430 2919 462 2972 et
485 2914 642 2984 Feliciani,
674 2915 841 2985 Pancratii,
865 2916 984 2974 Urbani
1014 2933 1104 2992 pape,
1135 2915 1233 2992 Sergii
1264 2921 1297 2975 et
1317 2917 1424 2986 Bachi,

310 3002 466 3061 Thiburtii
489 3005 646 3078 martyris,
672 3004 824 3080 Stephani
853 3022 933 3080 pape
957 3009 989 3063 et
1011 3007 1169 3080 martyris,
1192 3005 1322 3063 Fabiani
1346 3023 1425 3082 pape

311 3094 343 3149 et
360 3093 518 3166 martyris,
541 3091 718 3151 Sebastiaui
733 3087 893 3168 martyris,
918 3093 1061 3152 Cassiani
1075 3096 1233 3169 martyris,
1258 3093 1372 3153 Cosme
1394 3099 1425 3153 et

311 3181 466 3250 Damiani,
498 3182 656 3252 Pontiani,
687 3181 841 3254 Quintini,
873 3181 1067 3252 christofori,
1098 3183 1316 3259 Quadraginta
1348 3185 1425 3241 mili·

422 3381 448 3450 l¹)
467 3383 501 3434 In
513 3383 567 3438 cod.
585 3383 608 3447 s.
622 3382 656 3439 θ’.
675 3385 706 3435 in
724 3386 860 3451 superiore
878 3401 964 3452 uturp.
983 3401 1066 3438 manu
1085 3403 1106 3440 a.
1120 3386 1181 3439 XV.
1200 3386 1358 3439 macutum
1376 3391 1458 3442 sadoc

469 3464 561 3522 Anno
596 3465 723 3522 Domini
757 3459 979 3524 Mocccbix.
1014 3468 1047 3524 in
1079 3468 1129 3525 die
1156 3467 1291 3526 Vincula
1324 3469 1425 3526 sancii

468 3552 552 3611 Petri
587 3553 648 3611 luit
682 3554 882 3624 conbustum,
913 3560 946 3613 et
978 3559 1056 3614 tunc
1086 3557 1347 3632 nunccupabatur
1375 3557 1425 3614 Ad

468 3659 578 3700 omnes
602 3645 728 3700 sanctos
753 3661 848 3719 supra
870 3644 1030 3702 testudine
1053 3649 1135 3703 retro
1159 3663 1285 3720 organa.
1332 3646 1424 3703 Anno

468 3725 751 3789 M⁰CCOC⁰XXIIL
768 3731 986 3791 reconciliata⁰
1004 3738 1053 3792 est
1069 3735 1180 3792 eadem
1196 3723 1337 3810 capeliad
1356 3751 1423 3792 con·

467 3821 693 3878 memoratione
716 3821 817 3879 sancti
840 3821 938 3880 Pauli.
1432 3845 1457 3886 a

307 4002 329 4054 ι)
343 4003 395 4042 hacc
408 4004 486 4043 notitia
500 4005 568 4043 minio
581 4005 651 4044 deute
665 4010 695 4045 ut
709 4009 728 4045 el
741 4006 758 4054 t.
774 4007 806 4048 71.
824 4007 847 4045 in
860 4017 933 4056 mm.
948 4008 1014 4048 minio
1035 4019 1091 4047 saec.
1106 4007 1131 4047 X
1133 4008 1170 4048 ri.
1190 4009 1337 4058 vissimum:
1351 4007 1423 4056 Quou-

307 4054 358 4097 dam
373 4057 415 4096 ruli
428 4058 488 4098 istud
507 4059 578 4098 altare
596 4069 664 4109 super
677 4060 832 4112 succ(i)retrc
846 4070 953 4111 organum
968 4072 1080 4112 magnum.
1143 4063 1166 4113 b)
1185 4063 1206 4103 ᾗ
1221 4073 1238 4104 c.
1307 4063 1328 4109 c)
1349 4073 1422 4102 recon-

307 4109 381 4162 cillats
397 4121 414 4153 c.
469 4109 493 4162 d)
507 4111 582 4162 capell
593 4124 611 4155 c.

309 4270 334 4336 1)
353 4270 479 4325 A.1231.
499 4271 555 4334 fuit
573 4272 684 4325 indictio
702 4279 811 4340 quom,
829 4289 884 4326 non
908 4279 1006 4328 cauca
1042 4275 1167 4328 Fonaca
1185 4291 1263 4328 vem
1280 4291 1371 4328 annua
1388 4283 1423 4328 cst

308 4343 386 4407 1220,
404 4356 457 4407 quo
474 4343 530 4406 fuit
548 4343 657 4396 indictio
674 4343 751 4409 VIII,
775 4351 799 4397 ct
816 4360 868 4412 quo
885 4345 942 4398 dica
958 4345 1020 4400 lun.
1039 4349 1082 4400 21.
1102 4345 1158 4409 fuit
1175 4347 1316 4402 dominico.
1354 4347 1451 4400 Nomio

306 4412 497 4549 1810·ξῆΜηῖΐὴᾭῖ
516 4411 565 4464 XI
587 4429 679 4467 mom
703 4415 806 4468 micae
829 4416 921 4468 addito
946 4417 983 4468 od
1005 4416 1143 4472 MOOXX.
1168 4417 1215 4470 ille
1239 4433 1328 4470 annue
1354 4417 1423 4481 falso
