3136 4990
315 471 351 524 74
398 466 578 522 ANNALES
596 466 787 524 ERPHORD.
806 466 995 522 FRATRUM
1012 463 1351 521 PRAEDIOA‘PORUM

315 651 356 714 at
379 649 447 732 ipso
470 649 516 714 ibi
538 649 619 715 edito
642 671 757 732 opens:
788 652 890 734 quod,
915 649 970 730 ait,
995 671 1083 715 cum
1107 649 1211 713 eliis
1234 649 1343 713 debeo
1367 648 1434 713 exi·

316 739 404 804 miae
428 740 639 804 humanitati
662 740 847 804 admodum
863 740 903 803 R.
921 739 958 803 P.
976 739 1083 803 Hehn
1107 738 1245 822 collegii
1268 757 1335 802 soc.
1352 736 1434 801 Iesu

315 828 518 911 Mogontiae
555 829 694 906 rectori,
726 830 785 912 qui
815 849 913 893 raro
951 829 1064 913 apud
1101 848 1201 892 suos
1236 826 1433 910 exemplo

314 918 458 981 omnio
481 938 614 982 mecum
645 917 884 982 liberalissime
909 917 1184 982 communicavit.
1238 915 1327 980 Unde
1351 914 1433 979 coni·

315 1003 378 1070 cies
400 1007 440 1070 ab
464 1005 520 1071 troc
542 1005 637 1070 etiam
660 1004 729 1070 ciro
754 1007 973 1071 Sota-nitatem
997 1006 1156 1087 exemptor
1170 1003 1352 1068 Annalium
1371 1003 1456 1070 Era

309 1094 540 1175 phordensinm
570 1100 697 1159 nactam
727 1116 801 1159 esse.
849 1095 913 1159 Sed
934 1094 1002 1158 atia
1024 1099 1106 1174 sant,
1131 1093 1243 1175 quibas
1267 1091 1433 1174 prohiberi

314 1182 447 1263 videtnr,
471 1182 639 1264 quominus
654 1182 821 1248 editionem
837 1183 1016 1248 Scirannati
1038 1203 1076 1247 ex
1099 1182 1154 1247 itta
1177 1181 1281 1247 codice
1296 1181 1432 1262 diapan-

314 1271 382 1335 tino
399 1273 578 1353 profectam
601 1293 666 1336 esse
689 1273 862 1337 credamus.
898 1271 1094 1354 Ipnoramns
1116 1271 1209 1351 enim,
1234 1292 1255 1334 a
1270 1290 1330 1351 qno
1346 1291 1433 1334 anno

314 1361 463 1425 Annales
477 1361 719 1442 Erptrordenses
741 1360 777 1425 in
800 1361 856 1426 troc
879 1360 982 1426 codice
1005 1359 1169 1425 exordium
1192 1359 1338 1440 ceperint,
1363 1379 1434 1422 cnm

319 1449 473 1514 Gicdenm
495 1455 618 1514 tantam
641 1449 759 1514 ‹tixerit
777 1448 892 1530 (snpra
909 1472 944 1532 p.
962 1449 1021 1530 72)
1044 1448 1228 1530 scriptorem
1251 1449 1350 1512 annis
1374 1448 1433 1511 nli·
1444 1467 1470 1505 10

314 1544 399 1622 quot
411 1543 493 1604 ante
503 1544 597 1602 1232.
610 1539 773 1603 narrandi
785 1538 913 1602 initiam
921 1537 1044 1618 fecisse.
1062 1536 1241 1602 Scirannati
1251 1556 1324 1600 nero
1336 1535 1433 1601 editio

314 1626 382 1690 iam
404 1648 434 1690 a.
455 1631 549 1690 1223.
572 1627 621 1690 vet
637 1627 745 1709 potins
763 1633 858 1691 1220.
875 1625 1003 1690 initium
1018 1627 1118 1706 trahet,
1142 1625 1222 1690 etin
1237 1625 1305 1689 eins
1321 1625 1434 1706 prima

309 1721 405 1796 parte
434 1737 464 1778 a.
492 1721 724 1780 1223-1232.
756 1716 903 1798 tcpantnr
934 1718 1088 1797 quaedam
1120 1716 1158 1778 de
1189 1713 1434 1795 archiepiscopis

315 1803 532 1885 Mopnntinis,
564 1825 643 1884 qaae
674 1806 758 1885 qnod
789 1805 942 1870 Girdenns
971 1803 1123 1884 omiserit,
1151 1803 1269 1866 miram
1298 1802 1432 1867 videtur.

317 1893 381 1957 Sed
402 1895 590 1958 monendam
613 1899 657 1958 est
680 1915 750 1957 mim
773 1893 868 1958 etiam
891 1899 1087 1974 exsequente
1104 1899 1199 1974 parte
1222 1893 1261 1956 ab
1284 1913 1315 1955 a.
1336 1898 1431 1955 1232.
1444 1909 1468 1950 a

315 1980 445 2046 minime
474 1981 582 2046 ornnia
611 1984 656 2047 ad
683 2003 734 2046 res
764 1982 978 2064 Mopnntinas
1010 1981 1186 2063 spectantia
1219 1979 1431 2062 exscripsisse.

316 2069 419 2134 Porro
447 2071 599 2135 Gndenns
626 2071 646 2135 l.
667 2071 687 2134 t.
713 2070 742 2141 I,
768 2093 803 2152 p.
821 2077 896 2134 637.
921 2070 1029 2151 primo
1056 2071 1120 2135 toco
1143 2069 1225 2134 anni
1251 2075 1346 2133 1253.
1371 2069 1433 2133 edi·

315 2159 413 2222 tionis
429 2159 670 2224 Sotiannatinae
685 2160 766 2224 edito
783 2159 963 2242 praemittit
977 2160 1071 2223 tiaec:
1095 2160 1250 2224 Succinit
1266 2161 1341 2223 cod.
1359 2179 1431 2232 ma,

315 2249 461 2313 isthac
496 2250 679 2334 periodo
708 2250 907 2324 iiniens²,
938 2249 994 2312 sed
1022 2247 1059 2311 in
1088 2247 1223 2313 editione
1253 2247 1433 2311 Sctconnati

314 2337 415 2402 midta
438 2343 697 2401 a.1253.1·254.
716 2344 790 2419 post
811 2338 895 2402 tnmc
917 2337 1018 2401 tocmn
1041 2337 1196 2416 tepnntnr.
1237 2337 1305 2400 Nec
1327 2343 1468 2400 tarnensi

314 2425 382 2489 iam
411 2426 494 2490 tanc
523 2426 734 2506 qaaestionem
764 2427 946 2502 absolutam,
972 2425 1151 2490 Schannati
1176 2424 1344 2489 editionem
1368 2446 1433 2488 non

315 2535 354 2578 ex
385 2515 489 2580 codice
511 2515 704 2594 Mopantino
731 2516 911 2598 profectam
944 2535 1009 2580 esse
1044 2513 1191 2579 censebis.
1243 2514 1331 2577 Nam
1366 2512 1433 2595 ipse

320 2603 473 2668 &dentis
489 2626 525 2686 p.
543 2609 617 2667 613.
639 2605 717 2668 diros
740 2605 822 2668 locos
844 2610 1000 2668 extremae
1016 2603 1125 2684 partis
1147 2601 1297 2667 editionis
1314 2601 1432 2667 Scitan-

315 2692 456 2772 natinae,
481 2691 536 2773 qni
558 2693 605 2757 ibi
622 2699 696 2774 post
716 2691 807 2756 iliam
824 2693 967 2773 primam
982 2693 1081 2757 iocum
1105 2713 1136 2755 a.
1157 2698 1250 2754 1253.
1275 2691 1431 2771 tepent-ar,

315 2779 446 2862 extribet,
469 2781 524 2845 ribi
546 2782 623 2845 haec
645 2781 754 2846 habet:
777 2781 864 2846 ‘Hoc
881 2783 985 2846 etiem
1002 2802 1092 2846 anno
1109 2781 1265 2865 Xpianus
1290 2781 1468 2864 Mnguu-ss

203 2882 207 2892 '
314 2871 410 2934 tinus
441 2871 717 2955 archiepiscopus
747 2871 1023 2954 Hospitaliorum
1058 2871 1171 2934 ordini
1205 2889 1240 2933 se
1275 2870 1431 2933 tradidit.

316 2957 361 3020 Et
388 2959 552 3022 nonnullis
579 2959 768 3024 interiectis:
796 2959 872 3024 Hoc
897 2955 1032 3039 (eodem)
1057 2980 1147 3024 nuno
1171 2959 1338 3042 Xpiunus,
1363 2959 1433 3021 Ma·

315 3049 483 3130 guntinus
507 3049 680 3130 quondam
705 3049 894 3131 episcopus,
920 3049 1071 3112 Parisios
1095 3048 1281 3112 defunctus
1305 3050 1368 3123 est,
1394 3068 1432 3110 ac

315 3136 351 3199 in
383 3138 484 3201 domo
515 3137 790 3220 Hospitaliorum
826 3137 991 3220 sepultus.
1045 3135 1068 3217 [
1067 3135 1184 3201 Omnia
1218 3135 1294 3199 haec
1328 3135 1434 3199 eodem

314 3246 369 3288 an.
396 3222 519 3305 1251J'.
567 3225 621 3289 Sic
655 3224 816 3288 Gadenns.
864 3225 927 3288 Sed
956 3245 1025 3288 enm
1054 3225 1247 3288 oetrerncntcr
1275 3223 1469 3288 erravissent

314 3313 394 3376 mitti
411 3335 603 3394 perscissa-m
618 3318 672 3376 est.
708 3313 813 3377 tidem
836 3313 921 3376 enim
936 3315 996 3376 dno
1020 3312 1080 3376 toci
1103 3311 1139 3376 in
1161 3311 1296 3377 editione
1314 3313 1433 3376 Setan-

315 3402 385 3466 nati
408 3403 465 3468 snb
489 3425 519 3466 a.
539 3408 634 3465 1253.
659 3401 779 3482 aliqnot
801 3401 878 3466 tacis
899 3401 1050 3466 intereos
1072 3401 1252 3481 interiectis,
1275 3407 1310 3465 at
1330 3401 1432 3466 Gade-

315 3513 377 3554 nns
400 3491 485 3572 dicit,
511 3497 590 3556 recte
613 3511 651 3555 ac
674 3491 749 3555 tene
772 3496 905 3554 exstant.
956 3490 1087 3555 Constat
1116 3489 1196 3553 mitri
1222 3490 1306 3554 tnmc
1328 3491 1431 3554 cirum

314 3600 421 3643 rernm
445 3579 713 3662 Mopantinarnm
740 3579 881 3643 soiarnm
909 3579 1083 3644 studiosum
1113 3598 1178 3642 non
1204 3578 1344 3660 intepros
1366 3580 1432 3643 An-

315 3668 405 3732 nales
428 3669 669 3749 Erptrordenses
692 3667 901 3750 descripsisse,
927 3670 982 3733 sed
1005 3667 1215 3749 Moprmtiaca
1238 3673 1371 3749 tantum,
1396 3687 1468 3732 eaa

314 3776 395 3837 qnae
425 3757 531 3838 edidit,
563 3757 761 3838 excerpsisse,
793 3777 891 3838 quem,
923 3777 993 3820 cnm
1022 3757 1122 3822 iocum
1146 3755 1227 3820 anni
1252 3761 1348 3837 1251,
1373 3777 1432 3837 qno

314 3847 352 3909 de
380 3843 565 3910 Christiano
588 3845 820 3927 archiepiscopo
844 3845 980 3925 deposito
1003 3845 1137 3909 retatnm
1160 3851 1213 3920 est,
1244 3845 1433 3926 transscrip-

313 3933 413 4014 sisset,
440 3955 478 3997 ea
500 3934 599 3998 eidem
621 3934 822 3998 sittianxisse
845 3935 944 4010 credo,
976 3954 1056 4014 ariae
1083 3933 1176 4013 infra
1199 3932 1235 3996 in
1258 3932 1309 3998 tris
1331 3955 1432 3998 anna-

314 4021 396 4086 tibns
427 4023 464 4086 de
493 4025 598 4086 eodem
626 4022 812 4087 Christiano
839 4022 1030 4103 tepebantar,
1062 4021 1143 4086 anni
1173 4042 1303 4086 numero
1333 4022 1432 4105 nepte·

311 4116 421 4192 penter
436 4109 559 4174 omisso.
595 4111 651 4175 Ira
666 4111 775 4191 evenit,
799 4117 835 4174 nt
855 4110 892 4175 in
914 4110 1036 4176 sctredis
1058 4110 1126 4175 sais
1144 4117 1316 4176 extremam
1333 4111 1469 4176 toccima

313 4220 384 4264 enm
414 4199 609 4278 exscriberet,
637 4199 693 4280 qni
716 4199 844 4281 primas
867 4201 949 4265 anni
975 4206 1069 4264 1253.
1094 4199 1130 4263 in
1153 4199 1288 4264 editione
1313 4200 1432 4265 Setan-

313 4287 384 4353 nati
407 4287 528 4370 tepitnr.
568 4289 655 4352 Nam
672 4295 746 4369 post
769 4289 853 4353 tinnc
870 4295 1001 4370 practer
1023 4289 1095 4352 ilios
1117 4289 1195 4352 dnos
1218 4289 1300 4352 tocos
1323 4289 1431 4368 dictos,

314 4483 340 4546 1)
362 4479 434 4532 Unde
449 4479 480 4534 G.
494 4479 530 4533 H.
544 4480 631 4545 Perta,
650 4480 698 4534 SS.
711 4479 743 4530 X
744 4479 790 4545 VI,
805 4497 834 4548 p.
849 4483 891 4546 39,
912 4497 937 4532 n.
952 4495 967 4532 e
985 4481 1033 4532 troc
1051 4481 1104 4532 loco
1121 4481 1232 4532 codicem
1244 4479 1432 4546 Mopunttnnm

311 4553 419 4604 desiisse
437 4551 581 4605 adnotavit.
