<?xml version="1.0" encoding="UTF-8"?>
<!DOCTYPE html PUBLIC "-//W3C//DTD XHTML 1.0 Transitional//EN"
    "http://www.w3.org/TR/xhtml1/DTD/xhtml1-transitional.dtd">
<html xmlns="http://www.w3.org/1999/xhtml" xml:lang="en" lang="en">
 <head>
  <title>
</title>
<meta http-equiv="Content-Type" content="text/html;charset=utf-8" />
  <meta name='ocr-system' content='tesseract 3.04.00' />
  <meta name='ocr-capabilities' content='ocr_page ocr_carea ocr_par ocr_line ocrx_word'/>
</head>
<body>
  <div class='ocr_page' id='page_1' title='image "./monumentaerphes00monagoog_0263.png"; bbox 0 0 3162 5022; ppageno 0'>
   <div class='ocr_carea' id='block_1_1' title="bbox 255 459 1302 519">
    <p class='ocr_par' dir='ltr' id='par_1_1' title="bbox 255 459 1302 519">
     <span class='ocr_line' id='line_1_1' title="bbox 255 459 1302 519; baseline 0.003 -4"><span class='ocrx_word' id='word_1_1' title='bbox 255 460 421 517; x_wconf 78' lang='lat' dir='ltr'>ORONIGA</span> <span class='ocrx_word' id='word_1_2' title='bbox 433 461 461 518; x_wconf 87' lang='lat' dir='ltr'><strong>S.</strong></span> <span class='ocrx_word' id='word_1_3' title='bbox 471 460 586 516; x_wconf 78' lang='lat' dir='ltr'>PETRI</span> <span class='ocrx_word' id='word_1_4' title='bbox 598 459 860 516; x_wconf 79' lang='lat' dir='ltr'>ERFORDENSIS</span> <span class='ocrx_word' id='word_1_5' title='bbox 873 459 963 517; x_wconf 82' lang='lat' dir='ltr'><strong>Mon.</strong></span> <span class='ocrx_word' id='word_1_6' title='bbox 982 461 1017 518; x_wconf 89' lang='lat' dir='ltr'><strong>A.</strong></span> <span class='ocrx_word' id='word_1_7' title='bbox 1030 464 1213 519; x_wconf 84' lang='grc'><strong>1261-1263.</strong></span> <span class='ocrx_word' id='word_1_8' title='bbox 1250 465 1302 519; x_wconf 79' lang='grc'><strong>251</strong></span> 
     </span>
    </p>
   </div>
   <div class='ocr_carea' id='block_1_2' title="bbox 144 638 1435 1882">
    <p class='ocr_par' dir='ltr' id='par_1_2' title="bbox 144 638 1435 1882">
     <span class='ocr_line' id='line_1_2' title="bbox 185 638 1435 708; baseline 0.001 -16"><span class='ocrx_word' id='word_1_9' title='bbox 185 639 222 692; x_wconf 88' lang='lat' dir='ltr'><strong>ab</strong></span> <span class='ocrx_word' id='word_1_10' title='bbox 235 639 443 708; x_wconf 74' lang='lat' dir='ltr'><strong>archiepiscopis</strong></span> <span class='ocrx_word' id='word_1_11' title='bbox 462 644 559 694; x_wconf 75' lang='lat' dir='ltr'><strong>contm</strong></span> <span class='ocrx_word' id='word_1_12' title='bbox 570 638 699 694; x_wconf 81' lang='lat' dir='ltr'><strong>Tartarus</strong></span> <span class='ocrx_word' id='word_1_13' title='bbox 718 643 746 692; x_wconf 89' lang='lat' dir='ltr'><strong>et</strong></span> <span class='ocrx_word' id='word_1_14' title='bbox 759 639 812 694; x_wconf 90' lang='lat' dir='ltr'><strong>alia</strong></span> <span class='ocrx_word' id='word_1_15' title='bbox 824 639 954 708; x_wconf 87' lang='lat' dir='ltr'><strong>pericula,</strong></span> <span class='ocrx_word' id='word_1_16' title='bbox 973 645 1005 692; x_wconf 87' lang='lat' dir='ltr'><strong>ut</strong></span> <span class='ocrx_word' id='word_1_17' title='bbox 1022 639 1198 708; x_wconf 90' lang='lat' dir='ltr'><strong>perverbum</strong></span> <span class='ocrx_word' id='word_1_18' title='bbox 1216 640 1303 693; x_wconf 85' lang='lat' dir='ltr'><strong>crucis</strong></span> <span class='ocrx_word' id='word_1_19' title='bbox 1313 649 1435 694; x_wconf 64' lang='lat' dir='ltr'><strong>canamr.</strong></span> 
     </span>
     <span class='ocr_line' id='line_1_3' title="bbox 184 709 1302 780; baseline 0 -16"><span class='ocrx_word' id='word_1_20' title='bbox 184 715 215 764; x_wconf 84' lang='lat' dir='ltr'><strong>st</strong></span> <span class='ocrx_word' id='word_1_21' title='bbox 234 729 345 764; x_wconf 88' lang='lat' dir='ltr'><strong>manum</strong></span> <span class='ocrx_word' id='word_1_22' title='bbox 364 716 498 764; x_wconf 88' lang='lat' dir='ltr'><strong>armatam</strong></span> <span class='ocrx_word' id='word_1_23' title='bbox 517 716 545 764; x_wconf 87' lang='lat' dir='ltr'><strong>et</strong></span> <span class='ocrx_word' id='word_1_24' title='bbox 563 729 612 780; x_wconf 90' lang='lat' dir='ltr'><strong>per</strong></span> <span class='ocrx_word' id='word_1_25' title='bbox 625 712 765 764; x_wconf 79' lang='lat' dir='ltr'><strong>oraciones</strong></span> <span class='ocrx_word' id='word_1_26' title='bbox 782 709 904 764; x_wconf 87' lang='lat' dir='ltr'><strong>fidelium</strong></span> <span class='ocrx_word' id='word_1_27' title='bbox 923 710 1065 764; x_wconf 72' lang='lat' dir='ltr'>resistatur</span> <span class='ocrx_word' id='word_1_28' title='bbox 1083 710 1199 763; x_wconf 89' lang='lat' dir='ltr'><strong>inimicis</strong></span> <span class='ocrx_word' id='word_1_29' title='bbox 1219 711 1302 764; x_wconf 89' lang='lat' dir='ltr'><strong>eccle-</strong></span> 
     </span>
     <span class='ocr_line' id='line_1_4' title="bbox 183 786 1393 854; baseline -0.004 -2"><span class='ocrx_word' id='word_1_30' title='bbox 183 800 224 853; x_wconf 88' lang='lat' dir='ltr'><strong>sie</strong></span> <span class='ocrx_word' id='word_1_31' title='bbox 249 800 277 852; x_wconf 92' lang='lat' dir='ltr'><strong>in</strong></span> <span class='ocrx_word' id='word_1_32' title='bbox 301 800 412 853; x_wconf 91' lang='lat' dir='ltr'><strong>nomine</strong></span> <span class='ocrx_word' id='word_1_33' title='bbox 438 799 541 853; x_wconf 91' lang='lat' dir='ltr'><strong>domini</strong></span> <span class='ocrx_word' id='word_1_34' title='bbox 566 799 652 852; x_wconf 77' lang='lat' dir='ltr'>nostri</span> <span class='ocrx_word' id='word_1_35' title='bbox 676 798 742 853; x_wconf 91' lang='lat' dir='ltr'><strong>Iesu</strong></span> <span class='ocrx_word' id='word_1_36' title='bbox 766 799 874 854; x_wconf 77' lang='lat' dir='ltr'><strong>Christi.</strong></span> <span class='ocrx_word' id='word_1_37' title='bbox 983 786 1167 851; x_wconf 81' lang='lat' dir='ltr'><strong>HeInricus</strong></span> <span class='ocrx_word' id='word_1_38' title='bbox 1192 807 1303 852; x_wconf 79' lang='lat' dir='ltr'><strong>eomes</strong></span> <span class='ocrx_word' id='word_1_39' title='bbox 1315 795 1393 849; x_wconf 81' lang='lat'>1261.</span> 
     </span>
     <span class='ocr_line' id='line_1_5' title="bbox 183 875 672 941; baseline -0.002 -2"><span class='ocrx_word' id='word_1_40' title='bbox 183 877 299 940; x_wconf 89' lang='lat' dir='ltr'><strong>iunior</strong></span> <span class='ocrx_word' id='word_1_41' title='bbox 323 878 365 941; x_wconf 89' lang='lat' dir='ltr'><strong>de</strong></span> <span class='ocrx_word' id='word_1_42' title='bbox 390 875 530 941; x_wconf 82' lang='lat' dir='ltr'><strong>Glichin</strong></span> <span class='ocrx_word' id='word_1_43' title='bbox 554 877 641 940; x_wconf 87' lang='lat' dir='ltr'><strong>obiit</strong></span> <span class='ocrx_word' id='word_1_44' title='bbox 652 876 672 938; x_wconf 81' lang='lat'><strong>1.</strong></span> 
     </span>
     <span class='ocr_line' id='line_1_6' title="bbox 290 958 1305 1015; baseline -0.002 -1"><span class='ocrx_word' id='word_1_45' title='bbox 290 959 462 1014; x_wconf 83' lang='lat' dir='ltr'>MCOLXII.</span> <span class='ocrx_word' id='word_1_46' title='bbox 498 958 559 1015; x_wconf 86' lang='lat' dir='ltr'><strong>Rex</strong></span> <span class='ocrx_word' id='word_1_47' title='bbox 585 959 762 1012; x_wconf 76' lang='lat' dir='ltr'><strong>Tartarorum</strong></span> <span class='ocrx_word' id='word_1_48' title='bbox 787 958 861 1013; x_wconf 91' lang='lat' dir='ltr'><strong>misit</strong></span> <span class='ocrx_word' id='word_1_49' title='bbox 885 959 1020 1012; x_wconf 78' lang='lat' dir='ltr'>solemnes</span> <span class='ocrx_word' id='word_1_50' title='bbox 1044 959 1170 1012; x_wconf 91' lang='lat' dir='ltr'><strong>nunctios</strong></span> <span class='ocrx_word' id='word_1_51' title='bbox 1195 958 1305 1012; x_wconf 76' lang='lat' dir='ltr'>circiter</span> 
     </span>
     <span class='ocr_line' id='line_1_7' title="bbox 182 1029 1304 1096; baseline -0.002 -12"><span class='ocrx_word' id='word_1_52' title='bbox 182 1029 305 1084; x_wconf 81' lang='lat' dir='ltr'>XXIIII</span> <span class='ocrx_word' id='word_1_53' title='bbox 330 1031 434 1084; x_wconf 89' lang='lat' dir='ltr'><strong>nobiles</strong></span> <span class='ocrx_word' id='word_1_54' title='bbox 453 1029 582 1084; x_wconf 74' lang='lat' dir='ltr'><strong>Tartaron</strong></span> <span class='ocrx_word' id='word_1_55' title='bbox 607 1047 669 1084; x_wconf 90' lang='lat' dir='ltr'><strong>cum</strong></span> <span class='ocrx_word' id='word_1_56' title='bbox 695 1029 801 1084; x_wconf 88' lang='lat' dir='ltr'><strong>duobus</strong></span> <span class='ocrx_word' id='word_1_57' title='bbox 819 1030 948 1083; x_wconf 84' lang='lat' dir='ltr'><strong>fratribus</strong></span> <span class='ocrx_word' id='word_1_58' title='bbox 967 1029 1069 1083; x_wconf 82' lang='lat' dir='ltr'><strong>ordinis</strong></span> <span class='ocrx_word' id='word_1_59' title='bbox 1087 1029 1304 1096; x_wconf 86' lang='lat' dir='ltr'><strong>Predicatorum‚</strong></span> 
     </span>
     <span class='ocr_line' id='line_1_8' title="bbox 183 1099 1304 1170; baseline 0.001 -16"><span class='ocrx_word' id='word_1_60' title='bbox 183 1102 233 1169; x_wconf 89' lang='lat' dir='ltr'><strong>qui</strong></span> <span class='ocrx_word' id='word_1_61' title='bbox 251 1107 340 1156; x_wconf 87' lang='lat' dir='ltr'><strong>essent</strong></span> <span class='ocrx_word' id='word_1_62' title='bbox 357 1103 520 1170; x_wconf 81' lang='lat' dir='ltr'><strong>interpretes</strong></span> <span class='ocrx_word' id='word_1_63' title='bbox 538 1102 708 1170; x_wconf 72' lang='lat' dir='ltr'><strong>linguarum,</strong></span> <span class='ocrx_word' id='word_1_64' title='bbox 727 1101 762 1154; x_wconf 88' lang='lat' dir='ltr'><strong>ad</strong></span> <span class='ocrx_word' id='word_1_65' title='bbox 780 1118 872 1170; x_wconf 79' lang='lat' dir='ltr'><strong>regem</strong></span> <span class='ocrx_word' id='word_1_66' title='bbox 886 1099 1002 1154; x_wconf 80' lang='lat' dir='ltr'><strong>Francia</strong></span> <span class='ocrx_word' id='word_1_67' title='bbox 1019 1099 1207 1168; x_wconf 82' lang='lat' dir='ltr'><strong>Ludewicum,</strong></span> <span class='ocrx_word' id='word_1_68' title='bbox 1226 1107 1257 1154; x_wconf 90' lang='lat' dir='ltr'><strong>ut</strong></span> <span class='ocrx_word' id='word_1_69' title='bbox 1276 1119 1304 1155; x_wconf 90' lang='lat' dir='ltr'><strong>se</strong></span> 
     </span>
     <span class='ocr_line' id='line_1_9' title="bbox 184 1171 1304 1243; baseline 0 -17"><span class='ocrx_word' id='word_1_70' title='bbox 184 1179 212 1226; x_wconf 89' lang='lat' dir='ltr'><strong>et</strong></span> <span class='ocrx_word' id='word_1_71' title='bbox 231 1177 320 1226; x_wconf 87' lang='lat' dir='ltr'><strong>totum</strong></span> <span class='ocrx_word' id='word_1_72' title='bbox 339 1191 453 1243; x_wconf 83' lang='lat' dir='ltr'><strong>regnum</strong></span> <span class='ocrx_word' id='word_1_73' title='bbox 471 1172 587 1227; x_wconf 76' lang='lat' dir='ltr'><strong>Francis</strong></span> <span class='ocrx_word' id='word_1_74' title='bbox 606 1173 708 1226; x_wconf 88' lang='lat' dir='ltr'><strong>dicioni</strong></span> <span class='ocrx_word' id='word_1_75' title='bbox 726 1173 861 1226; x_wconf 88' lang='lat' dir='ltr'><strong>subiceret</strong></span> <span class='ocrx_word' id='word_1_76' title='bbox 873 1171 1065 1241; x_wconf 77' lang='lat' dir='ltr'><strong>Tartarorum3</strong></span> <span class='ocrx_word' id='word_1_77' title='bbox 1085 1172 1205 1240; x_wconf 89' lang='lat' dir='ltr'><strong>alioquin</strong></span> <span class='ocrx_word' id='word_1_78' title='bbox 1218 1172 1304 1226; x_wconf 85' lang='lat' dir='ltr'><strong>Fran-</strong></span> 
     </span>
     <span class='ocr_line' id='line_1_10' title="bbox 184 1242 1303 1314; baseline 0.002 -18"><span class='ocrx_word' id='word_1_79' title='bbox 184 1243 255 1297; x_wconf 88' lang='lat' dir='ltr'><strong>eiam</strong></span> <span class='ocrx_word' id='word_1_80' title='bbox 283 1245 436 1314; x_wconf 80' lang='lat' dir='ltr'><strong>inpugnare</strong></span> <span class='ocrx_word' id='word_1_81' title='bbox 462 1261 497 1298; x_wconf 91' lang='lat' dir='ltr'><strong>se</strong></span> <span class='ocrx_word' id='word_1_82' title='bbox 522 1245 620 1298; x_wconf 86' lang='lat' dir='ltr'><strong>velle</strong></span> <span class='ocrx_word' id='word_1_83' title='bbox 645 1249 769 1312; x_wconf 89' lang='lat' dir='ltr'><strong>tempore</strong></span> <span class='ocrx_word' id='word_1_84' title='bbox 792 1242 957 1312; x_wconf 79' lang='lat' dir='ltr'><strong>procedente</strong></span> <span class='ocrx_word' id='word_1_85' title='bbox 977 1243 1189 1297; x_wconf 88' lang='lat' dir='ltr'><strong>comminati</strong></span> <span class='ocrx_word' id='word_1_86' title='bbox 1214 1249 1303 1300; x_wconf 89' lang='lat' dir='ltr'><strong>sunt.</strong></span> 
     </span>
     <span class='ocr_line' id='line_1_11' title="bbox 144 1313 1304 1385; baseline -0.001 -17"><span class='ocrx_word' id='word_1_87' title='bbox 144 1313 265 1384; x_wconf 65' lang='lat' dir='ltr'><strong>acquod</strong></span> <span class='ocrx_word' id='word_1_88' title='bbox 284 1315 448 1369; x_wconf 86' lang='lat' dir='ltr'><strong>Ludewicus</strong></span> <span class='ocrx_word' id='word_1_89' title='bbox 475 1333 524 1368; x_wconf 85' lang='lat' dir='ltr'><strong>rex</strong></span> <span class='ocrx_word' id='word_1_90' title='bbox 549 1315 643 1369; x_wconf 88' lang='lat' dir='ltr'><strong>habito</strong></span> <span class='ocrx_word' id='word_1_91' title='bbox 671 1315 785 1368; x_wconf 91' lang='lat' dir='ltr'><strong>consilio</strong></span> <span class='ocrx_word' id='word_1_92' title='bbox 813 1332 876 1367; x_wconf 90' lang='lat' dir='ltr'><strong>cum</strong></span> <span class='ocrx_word' id='word_1_93' title='bbox 900 1314 1066 1382; x_wconf 85' lang='lat' dir='ltr'><strong>prirnoribus</strong></span> <span class='ocrx_word' id='word_1_94' title='bbox 1084 1315 1163 1385; x_wconf 84' lang='lat' dir='ltr'><strong>regni</strong></span> <span class='ocrx_word' id='word_1_95' title='bbox 1181 1315 1222 1368; x_wconf 88' lang='lat' dir='ltr'><strong>sui</strong></span> <span class='ocrx_word' id='word_1_96' title='bbox 1241 1332 1304 1367; x_wconf 90' lang='lat' dir='ltr'><strong>cou-</strong></span> 
     </span>
     <span class='ocr_line' id='line_1_12' title="bbox 184 1384 1305 1454; baseline 0 -15"><span class='ocrx_word' id='word_1_97' title='bbox 184 1391 289 1440; x_wconf 87' lang='lat' dir='ltr'><strong>stantcr</strong></span> <span class='ocrx_word' id='word_1_98' title='bbox 315 1387 433 1441; x_wconf 87' lang='lat' dir='ltr'><strong>rennuit.</strong></span> <span class='ocrx_word' id='word_1_99' title='bbox 470 1385 549 1454; x_wconf 91' lang='lat' dir='ltr'><strong>Ipsos</strong></span> <span class='ocrx_word' id='word_1_100' title='bbox 575 1391 668 1440; x_wconf 85' lang='lat' dir='ltr'><strong>tamen</strong></span> <span class='ocrx_word' id='word_1_101' title='bbox 695 1385 823 1438; x_wconf 87' lang='lat' dir='ltr'><strong>nunctios</strong></span> <span class='ocrx_word' id='word_1_102' title='bbox 849 1384 999 1440; x_wconf 88' lang='lat' dir='ltr'><strong>honorifice</strong></span> <span class='ocrx_word' id='word_1_103' title='bbox 1016 1385 1135 1439; x_wconf 87' lang='lat' dir='ltr'><strong>Parisius</strong></span> <span class='ocrx_word' id='word_1_104' title='bbox 1162 1387 1252 1439; x_wconf 88' lang='lat' dir='ltr'><strong>tenuit</strong></span> <span class='ocrx_word' id='word_1_105' title='bbox 1277 1390 1305 1439; x_wconf 88' lang='lat' dir='ltr'><strong>et</strong></span> 
     </span>
     <span class='ocr_line' id='line_1_13' title="bbox 184 1456 1305 1527; baseline -0.001 -16"><span class='ocrx_word' id='word_1_106' title='bbox 184 1474 271 1525; x_wconf 82' lang='lat' dir='ltr'><strong>usqua</strong></span> <span class='ocrx_word' id='word_1_107' title='bbox 290 1457 325 1510; x_wconf 87' lang='lat' dir='ltr'><strong>ad</strong></span> <span class='ocrx_word' id='word_1_108' title='bbox 342 1475 443 1527; x_wconf 89' lang='lat' dir='ltr'><strong>papam</strong></span> <span class='ocrx_word' id='word_1_109' title='bbox 462 1456 652 1511; x_wconf 77' lang='lat' dir='ltr'><strong>Alexandrum</strong></span> <span class='ocrx_word' id='word_1_110' title='bbox 671 1456 785 1526; x_wconf 84' lang='lat' dir='ltr'><strong>pacifice</strong></span> <span class='ocrx_word' id='word_1_111' title='bbox 802 1456 915 1512; x_wconf 86' lang='lat' dir='ltr'><strong>remisit.</strong></span> <span class='ocrx_word' id='word_1_112' title='bbox 1018 1457 1124 1512; x_wconf 77' lang='lat' dir='ltr'><strong>Eodem</strong></span> <span class='ocrx_word' id='word_1_113' title='bbox 1143 1474 1215 1510; x_wconf 90' lang='lat' dir='ltr'><strong>anno</strong></span> <span class='ocrx_word' id='word_1_114' title='bbox 1233 1473 1305 1526; x_wconf 86' lang='lat' dir='ltr'><strong>papa</strong></span> 
     </span>
     <span class='ocr_line' id='line_1_14' title="bbox 183 1527 1305 1597; baseline -0.002 -15"><span class='ocrx_word' id='word_1_115' title='bbox 183 1528 343 1582; x_wconf 79' lang='lat' dir='ltr'><strong>Alexander</strong></span> <span class='ocrx_word' id='word_1_116' title='bbox 359 1529 390 1582; x_wconf 92' lang='lat' dir='ltr'><strong>in</strong></span> <span class='ocrx_word' id='word_1_117' title='bbox 407 1528 453 1583; x_wconf 87' lang='lat' dir='ltr'><strong>die</strong></span> <span class='ocrx_word' id='word_1_118' title='bbox 471 1529 557 1582; x_wconf 84' lang='lat' dir='ltr'><strong>sancti</strong></span> <span class='ocrx_word' id='word_1_119' title='bbox 575 1528 681 1583; x_wconf 83' lang='lat' dir='ltr'><strong>Urbani</strong></span> <span class='ocrx_word' id='word_1_120' title='bbox 699 1545 770 1597; x_wconf 90' lang='lat' dir='ltr'><strong>pape</strong></span> <span class='ocrx_word' id='word_1_121' title='bbox 788 1527 934 1582; x_wconf 80' lang='lat' dir='ltr'><strong>defunctus</strong></span> <span class='ocrx_word' id='word_1_122' title='bbox 959 1533 1000 1584; x_wconf 86' lang='lat' dir='ltr'><strong>est</strong></span> <span class='ocrx_word' id='word_1_123' title='bbox 1018 1529 1047 1581; x_wconf 91' lang='lat' dir='ltr'><strong>in</strong></span> <span class='ocrx_word' id='word_1_124' title='bbox 1066 1527 1188 1582; x_wconf 87' lang='lat' dir='ltr'><strong>Bitervio</strong></span> <span class='ocrx_word' id='word_1_125' title='bbox 1208 1533 1235 1582; x_wconf 83' lang='lat' dir='ltr'><strong>et</strong></span> <span class='ocrx_word' id='word_1_126' title='bbox 1253 1528 1305 1581; x_wconf 93' lang='lat' dir='ltr'><strong>ibi·</strong></span> 
     </span>
     <span class='ocr_line' id='line_1_15' title="bbox 184 1599 1304 1668; baseline 0 -16"><span class='ocrx_word' id='word_1_127' title='bbox 184 1599 248 1654; x_wconf 84' lang='lat' dir='ltr'><strong>dem</strong></span> <span class='ocrx_word' id='word_1_128' title='bbox 274 1601 410 1668; x_wconf 81' lang='lat' dir='ltr'><strong>sepultus3</strong></span> <span class='ocrx_word' id='word_1_129' title='bbox 438 1603 466 1652; x_wconf 89' lang='lat' dir='ltr'><strong>et</strong></span> <span class='ocrx_word' id='word_1_130' title='bbox 485 1599 599 1654; x_wconf 84' lang='lat' dir='ltr'><strong>cessavit</strong></span> <span class='ocrx_word' id='word_1_131' title='bbox 623 1599 680 1654; x_wconf 81' lang='lat' dir='ltr'><strong>vel</strong></span> <span class='ocrx_word' id='word_1_132' title='bbox 699 1599 848 1652; x_wconf 86' lang='lat' dir='ltr'><strong>vacavit</strong></span> <span class='ocrx_word' id='word_1_133' title='bbox 867 1599 1039 1668; x_wconf 84' lang='lat' dir='ltr'><strong>episcopatus</strong></span> <span class='ocrx_word' id='word_1_134' title='bbox 1058 1617 1141 1668; x_wconf 89' lang='lat' dir='ltr'><strong>usque</strong></span> <span class='ocrx_word' id='word_1_135' title='bbox 1161 1600 1195 1654; x_wconf 89' lang='lat' dir='ltr'><strong>sd</strong></span> <span class='ocrx_word' id='word_1_136' title='bbox 1213 1599 1304 1653; x_wconf 87' lang='lat' dir='ltr'><strong>decol-</strong></span> 
     </span>
     <span class='ocr_line' id='line_1_16' title="bbox 146 1669 1303 1739; baseline 0.002 -17"><span class='ocrx_word' id='word_1_137' title='bbox 146 1671 319 1725; x_wconf 77' lang='lat' dir='ltr'><strong>¹5lacionern</strong></span> <span class='ocrx_word' id='word_1_138' title='bbox 338 1671 426 1724; x_wconf 87' lang='lat' dir='ltr'><strong>sancti</strong></span> <span class='ocrx_word' id='word_1_139' title='bbox 444 1670 575 1724; x_wconf 88' lang='lat' dir='ltr'><strong>Iohannis</strong></span> <span class='ocrx_word' id='word_1_140' title='bbox 602 1669 728 1739; x_wconf 86' lang='lat' dir='ltr'><strong>baptiste,</strong></span> <span class='ocrx_word' id='word_1_141' title='bbox 747 1669 967 1723; x_wconf 89' lang='lat' dir='ltr'><strong>discordantibus</strong></span> <span class='ocrx_word' id='word_1_142' title='bbox 986 1671 1168 1724; x_wconf 86' lang='lat' dir='ltr'><strong>cardinalibus</strong></span> <span class='ocrx_word' id='word_1_143' title='bbox 1187 1671 1214 1724; x_wconf 90' lang='lat' dir='ltr'><strong>iu</strong></span> <span class='ocrx_word' id='word_1_144' title='bbox 1234 1671 1303 1725; x_wconf 86' lang='lat' dir='ltr'><strong>elec-</strong></span> 
     </span>
     <span class='ocr_line' id='line_1_17' title="bbox 184 1740 1304 1811; baseline 0 -16"><span class='ocrx_word' id='word_1_145' title='bbox 184 1742 275 1808; x_wconf 87' lang='lat' dir='ltr'><strong>tione;</strong></span> <span class='ocrx_word' id='word_1_146' title='bbox 293 1746 359 1795; x_wconf 71' lang='lat' dir='ltr'><strong>binc</strong></span> <span class='ocrx_word' id='word_1_147' title='bbox 371 1743 513 1810; x_wconf 81' lang='lat' dir='ltr'><strong>elegerunt</strong></span> <span class='ocrx_word' id='word_1_148' title='bbox 524 1741 708 1810; x_wconf 88' lang='lat' dir='ltr'><strong>patriarcham</strong></span> <span class='ocrx_word' id='word_1_149' title='bbox 721 1740 991 1794; x_wconf 79' lang='lat' dir='ltr'><strong>iherosolimitanum</strong></span> <span class='ocrx_word' id='word_1_150' title='bbox 1003 1741 1136 1796; x_wconf 86' lang='lat' dir='ltr'><strong>Iacobum</strong></span> <span class='ocrx_word' id='word_1_151' title='bbox 1155 1742 1184 1796; x_wconf 92' lang='lat' dir='ltr'><strong>in</strong></span> <span class='ocrx_word' id='word_1_152' title='bbox 1195 1759 1304 1811; x_wconf 86' lang='lat' dir='ltr'><strong>papam,</strong></span> 
     </span>
     <span class='ocr_line' id='line_1_18' title="bbox 184 1811 1304 1882; baseline 0 -16"><span class='ocrx_word' id='word_1_153' title='bbox 184 1818 212 1866; x_wconf 90' lang='lat' dir='ltr'><strong>et</strong></span> <span class='ocrx_word' id='word_1_154' title='bbox 230 1817 342 1866; x_wconf 87' lang='lat' dir='ltr'><strong>vocatus</strong></span> <span class='ocrx_word' id='word_1_155' title='bbox 360 1819 402 1866; x_wconf 89' lang='lat' dir='ltr'><strong>est</strong></span> <span class='ocrx_word' id='word_1_156' title='bbox 420 1812 548 1867; x_wconf 85' lang='lat' dir='ltr'><strong>Urbanus</strong></span> <span class='ocrx_word' id='word_1_157' title='bbox 566 1831 639 1882; x_wconf 88' lang='lat' dir='ltr'><strong>papa</strong></span> <span class='ocrx_word' id='word_1_158' title='bbox 656 1811 746 1868; x_wconf 75' lang='lat' dir='ltr'><strong>Im*</strong></span> <span class='ocrx_word' id='word_1_159' title='bbox 862 1811 947 1882; x_wconf 86' lang='lat' dir='ltr'><strong>Ipso</strong></span> <span class='ocrx_word' id='word_1_160' title='bbox 966 1829 1058 1866; x_wconf 90' lang='lat' dir='ltr'><strong>anno</strong></span> <span class='ocrx_word' id='word_1_161' title='bbox 1075 1814 1161 1867; x_wconf 85' lang='lat' dir='ltr'><strong>frater</strong></span> <span class='ocrx_word' id='word_1_162' title='bbox 1179 1812 1304 1868; x_wconf 84' lang='lat' dir='ltr'><strong>Theode-</strong></span> 
     </span>
    </p>
   </div>
   <div class='ocr_carea' id='block_1_3' title="bbox 182 1883 1304 2010">
    <p class='ocr_par' dir='ltr' id='par_1_3' title="bbox 182 1883 1304 2010">
     <span class='ocr_line' id='line_1_19' title="bbox 182 1883 1304 2009; baseline 0 -72"><span class='ocrx_word' id='word_1_163' title='bbox 182 1884 256 2009; x_wconf 56' lang='lat' dir='ltr'><strong>bircam</strong></span> <span class='ocrx_word' id='word_1_164' title='bbox 274 1883 407 2007; x_wconf 60' lang='lat' dir='ltr'><strong>tordinis⁸</strong></span> <span class='ocrx_word' id='word_1_165' title='bbox 428 1883 637 1938; x_wconf 87' lang='lat' dir='ltr'><strong>Pradicstorum</strong></span> <span class='ocrx_word' id='word_1_166' title='bbox 663 1884 720 1938; x_wconf 91' lang='lat' dir='ltr'><strong>ictu</strong></span> <span class='ocrx_word' id='word_1_167' title='bbox 746 1883 862 1937; x_wconf 87' lang='lat' dir='ltr'><strong>tonitrui</strong></span> <span class='ocrx_word' id='word_1_168' title='bbox 888 1900 1084 1952; x_wconf 87' lang='lat' dir='ltr'><strong>percussus</strong></span> <span class='ocrx_word' id='word_1_169' title='bbox 1109 1885 1173 1938; x_wconf 91' lang='lat' dir='ltr'><strong>ilico</strong></span> <span class='ocrx_word' id='word_1_170' title='bbox 1192 1883 1304 1939; x_wconf 86' lang='lat' dir='ltr'><strong>defunc·</strong></span> 
     </span>
     <span class='ocr_line' id='line_1_20' title="bbox 246 1972 294 2010; baseline 0.042 -2"><span class='ocrx_word' id='word_1_171' title='bbox 246 1972 274 2008; x_wconf 89' lang='lat' dir='ltr'><strong>es</strong></span> <span class='ocrx_word' id='word_1_172' title='bbox 288 1998 294 2010; x_wconf 93' lang='lat'>.</span> 
     </span>
    </p>
   </div>
   <div class='ocr_carea' id='block_1_4' title="bbox 147 2030 1424 2204">
    <p class='ocr_par' dir='ltr' id='par_1_4' title="bbox 147 2030 1424 2204">
     <span class='ocr_line' id='line_1_21' title="bbox 147 2030 1424 2115; baseline 0.002 -23"><span class='ocrx_word' id='word_1_173' title='bbox 147 2053 174 2092; x_wconf 85' lang='lat' dir='ltr'><strong>ac</strong></span> <span class='ocrx_word' id='word_1_174' title='bbox 291 2031 421 2096; x_wconf 79' lang='lat' dir='ltr'><strong>Eodem</strong></span> <span class='ocrx_word' id='word_1_175' title='bbox 445 2053 535 2096; x_wconf 86' lang='lat' dir='ltr'><strong>anno</strong></span> <span class='ocrx_word' id='word_1_176' title='bbox 560 2031 744 2098; x_wconf 84' lang='lat' dir='ltr'><strong>defunctus</strong></span> <span class='ocrx_word' id='word_1_177' title='bbox 769 2032 843 2096; x_wconf 78' lang='lat' dir='ltr'><strong>est²</strong></span> <span class='ocrx_word' id='word_1_178' title='bbox 865 2030 1048 2096; x_wconf 87' lang='lat' dir='ltr'><strong>Volmarus</strong></span> <span class='ocrx_word' id='word_1_179' title='bbox 1072 2031 1177 2096; x_wconf 86' lang='lat' dir='ltr'><strong>abbas</strong></span> <span class='ocrx_word' id='word_1_180' title='bbox 1200 2053 1424 2115; x_wconf 68' lang='lat' dir='ltr'><strong>quon-(ranas).</strong></span> 
     </span>
     <span class='ocr_line' id='line_1_22' title="bbox 185 2119 1304 2204; baseline 0 -20"><span class='ocrx_word' id='word_1_181' title='bbox 185 2121 265 2186; x_wconf 86' lang='lat' dir='ltr'><strong>dam</strong></span> <span class='ocrx_word' id='word_1_182' title='bbox 289 2124 324 2185; x_wconf 90' lang='lat' dir='ltr'><strong>et</strong></span> <span class='ocrx_word' id='word_1_183' title='bbox 347 2121 384 2184; x_wconf 92' lang='lat' dir='ltr'><strong>in</strong></span> <span class='ocrx_word' id='word_1_184' title='bbox 407 2125 524 2185; x_wconf 88' lang='lat' dir='ltr'><strong>monte</strong></span> <span class='ocrx_word' id='word_1_185' title='bbox 547 2124 745 2186; x_wconf 86' lang='lat' dir='ltr'><strong>sanctorum</strong></span> <span class='ocrx_word' id='word_1_186' title='bbox 769 2119 1002 2204; x_wconf 89' lang='lat' dir='ltr'><strong>apostolorum</strong></span> <span class='ocrx_word' id='word_1_187' title='bbox 1026 2120 1120 2185; x_wconf 92' lang='lat' dir='ltr'><strong>Petri</strong></span> <span class='ocrx_word' id='word_1_188' title='bbox 1145 2124 1180 2185; x_wconf 87' lang='lat' dir='ltr'><strong>et</strong></span> <span class='ocrx_word' id='word_1_189' title='bbox 1203 2121 1304 2184; x_wconf 87' lang='lat' dir='ltr'><strong>Pauli</strong></span> 
     </span>
    </p>
   </div>
   <div class='ocr_carea' id='block_1_5' title="bbox 149 2209 1435 3146">
    <p class='ocr_par' dir='ltr' id='par_1_5' title="bbox 149 2209 1435 3146">
     <span class='ocr_line' id='line_1_23' title="bbox 184 2209 1429 2308; baseline -0.002 -34"><span class='ocrx_word' id='word_1_190' title='bbox 184 2209 373 2274; x_wconf 87' lang='lat' dir='ltr'><strong>honorifice</strong></span> <span class='ocrx_word' id='word_1_191' title='bbox 395 2209 600 2274; x_wconf 87' lang='lat' dir='ltr'><strong>tumulatus.</strong></span> <span class='ocrx_word' id='word_1_192' title='bbox 1313 2269 1343 2308; x_wconf 56' lang='lat' dir='ltr'><strong>Cr</strong></span> <span class='ocrx_word' id='word_1_193' title='bbox 1356 2267 1388 2306; x_wconf 60' lang='lat' dir='ltr'><strong><em>m</em></strong></span> <span class='ocrx_word' id='word_1_194' title='bbox 1417 2279 1429 2305; x_wconf 49' lang='lat' dir='ltr'><strong><em>r</em></strong></span> 
     </span>
     <span class='ocr_line' id='line_1_24' title="bbox 292 2279 1435 2368; baseline -0.002 -22"><span class='ocrx_word' id='word_1_195' title='bbox 292 2293 387 2346; x_wconf 77' lang='lat' dir='ltr'><strong>&#39;Anno</strong></span> <span class='ocrx_word' id='word_1_196' title='bbox 399 2291 512 2346; x_wconf 91' lang='lat' dir='ltr'><strong>Domini</strong></span> <span class='ocrx_word' id='word_1_197' title='bbox 523 2291 723 2348; x_wconf 50' lang='lat' dir='ltr'><strong>Meamne</strong></span> <span class='ocrx_word' id='word_1_198' title='bbox 748 2292 834 2347; x_wconf 87' lang='lat' dir='ltr'><strong>Venit</strong></span> <span class='ocrx_word' id='word_1_199' title='bbox 851 2291 962 2361; x_wconf 88' lang='lat' dir='ltr'><strong>quidam</strong></span> <span class='ocrx_word' id='word_1_200' title='bbox 983 2309 1045 2346; x_wconf 87' lang='lat' dir='ltr'><strong>cum</strong></span> <span class='ocrx_word' id='word_1_201' title='bbox 1064 2293 1186 2346; x_wconf 88' lang='lat' dir='ltr'><strong>exercitu</strong></span> <span class='ocrx_word' id='word_1_202' title='bbox 1203 2309 1304 2362; x_wconf 82' lang='lat' dir='ltr'><strong>magno</strong></span> <span class='ocrx_word' id='word_1_203' title='bbox 1314 2279 1435 2368; x_wconf 44' lang='grc' dir='ltr'><strong>ιηᾈῃῗω·</strong></span> 
     </span>
     <span class='ocr_line' id='line_1_25' title="bbox 185 2362 1304 2432; baseline 0.001 -15"><span class='ocrx_word' id='word_1_204' title='bbox 185 2363 277 2417; x_wconf 89' lang='lat' dir='ltr'><strong>dicens</strong></span> <span class='ocrx_word' id='word_1_205' title='bbox 305 2381 333 2417; x_wconf 90' lang='lat' dir='ltr'><strong>se</strong></span> <span class='ocrx_word' id='word_1_206' title='bbox 361 2381 418 2418; x_wconf 84' lang='lat' dir='ltr'><strong>esse</strong></span> <span class='ocrx_word' id='word_1_207' title='bbox 437 2363 608 2418; x_wconf 85' lang='lat' dir='ltr'><strong>Fridericum</strong></span> <span class='ocrx_word' id='word_1_208' title='bbox 635 2364 838 2432; x_wconf 85' lang='lat' dir='ltr'><strong>imperatorem,</strong></span> <span class='ocrx_word' id='word_1_209' title='bbox 866 2362 914 2431; x_wconf 89' lang='lat' dir='ltr'><strong>qui</strong></span> <span class='ocrx_word' id='word_1_210' title='bbox 941 2367 1005 2416; x_wconf 88' lang='lat' dir='ltr'><strong>ante</strong></span> <span class='ocrx_word' id='word_1_211' title='bbox 1023 2363 1051 2417; x_wconf 90' lang='lat' dir='ltr'>X</span> <span class='ocrx_word' id='word_1_212' title='bbox 1070 2380 1155 2416; x_wconf 87' lang='lat' dir='ltr'><strong>anuos</strong></span> <span class='ocrx_word' id='word_1_213' title='bbox 1181 2369 1304 2418; x_wconf 87' lang='lat' dir='ltr'><strong>mortuus</strong></span> 
     </span>
     <span class='ocr_line' id='line_1_26' title="bbox 149 2433 1304 2505; baseline 0.001 -17"><span class='ocrx_word' id='word_1_214' title='bbox 149 2434 281 2491; x_wconf 68' lang='lat' dir='ltr'><strong>sonunt.</strong></span> <span class='ocrx_word' id='word_1_215' title='bbox 319 2433 375 2488; x_wconf 88' lang='lat' dir='ltr'><strong>Hic</strong></span> <span class='ocrx_word' id='word_1_216' title='bbox 392 2433 573 2505; x_wconf 77' lang='lat' dir='ltr'><strong>inpugnsvitb</strong></span> <span class='ocrx_word' id='word_1_217' title='bbox 596 2434 766 2488; x_wconf 80' lang='lat' dir='ltr'><strong>Meniridum</strong></span> <span class='ocrx_word' id='word_1_218' title='bbox 785 2435 937 2504; x_wconf 85' lang='lat' dir='ltr'><strong>principem</strong></span> <span class='ocrx_word' id='word_1_219' title='bbox 955 2434 1067 2504; x_wconf 87' lang='lat' dir='ltr'><strong>Apulie,</strong></span> <span class='ocrx_word' id='word_1_220' title='bbox 1092 2451 1156 2488; x_wconf 89' lang='lat' dir='ltr'><strong>eum</strong></span> <span class='ocrx_word' id='word_1_221' title='bbox 1175 2440 1304 2490; x_wconf 82' lang='lat' dir='ltr'><strong>strennue</strong></span> 
     </span>
     <span class='ocr_line' id='line_1_27' title="bbox 185 2505 1303 2632; baseline 0 -2"><span class='ocrx_word' id='word_1_222' title='bbox 185 2507 616 2632; x_wconf 63' lang='lat' dir='ltr'><strong>l⁰lltlbttlrl⁸⁸lll⁵flt</strong></span> <span class='ocrx_word' id='word_1_223' title='bbox 634 2505 1303 2632; x_wconf 58' lang='lat' dir='ltr'><strong>tilt1:llll?utililttlltstilll·</strong></span> 
     </span>
     <span class='ocr_line' id='line_1_28' title="bbox 186 2595 1303 2731; baseline 0.002 -30"><span class='ocrx_word' id='word_1_224' title='bbox 186 2648 286 2717; x_wconf 81' lang='lat' dir='ltr'><strong>culum,</strong></span> <span class='ocrx_word' id='word_1_225' title='bbox 306 2653 334 2702; x_wconf 87' lang='lat' dir='ltr'><strong>et</strong></span> <span class='ocrx_word' id='word_1_226' title='bbox 352 2649 380 2701; x_wconf 91' lang='lat' dir='ltr'><strong>in</strong></span> <span class='ocrx_word' id='word_1_227' title='bbox 398 2649 553 2731; x_wconf 73' lang='lat' dir='ltr'><strong>sanguineo</strong></span> <span class='ocrx_word' id='word_1_228' title='bbox 571 2649 663 2702; x_wconf 90' lang='lat' dir='ltr'><strong>colore</strong></span> <span class='ocrx_word' id='word_1_229' title='bbox 681 2595 730 2701; x_wconf 61' lang='lat' dir='ltr'><strong>&lt;liin</strong></span> <span class='ocrx_word' id='word_1_230' title='bbox 747 2647 889 2704; x_wconf 80' lang='lat' dir='ltr'><strong>laboravit.</strong></span> <span class='ocrx_word' id='word_1_231' title='bbox 998 2595 1127 2703; x_wconf 57' lang='lat' dir='ltr'><strong>Urbani}</strong></span> <span class='ocrx_word' id='word_1_232' title='bbox 1144 2667 1215 2718; x_wconf 87' lang='lat' dir='ltr'><strong>papa</strong></span> <span class='ocrx_word' id='word_1_233' title='bbox 1233 2647 1303 2704; x_wconf 89' lang='lat' dir='ltr'>IIII.</span> 
     </span>
     <span class='ocr_line' id='line_1_29' title="bbox 187 2719 1305 2790; baseline -0.001 -17"><span class='ocrx_word' id='word_1_234' title='bbox 187 2723 353 2790; x_wconf 83' lang='lat' dir='ltr'><strong>congregata</strong></span> <span class='ocrx_word' id='word_1_235' title='bbox 380 2719 558 2774; x_wconf 77' lang='lat' dir='ltr'><strong>multitudine</strong></span> <span class='ocrx_word' id='word_1_236' title='bbox 585 2725 643 2773; x_wconf 89' lang='lat' dir='ltr'><strong>tam</strong></span> <span class='ocrx_word' id='word_1_237' title='bbox 671 2719 737 2772; x_wconf 87' lang='lat' dir='ltr'><strong>cleri</strong></span> <span class='ocrx_word' id='word_1_238' title='bbox 760 2736 843 2787; x_wconf 87' lang='lat' dir='ltr'><strong>quam</strong></span> <span class='ocrx_word' id='word_1_239' title='bbox 870 2719 965 2788; x_wconf 90' lang='lat' dir='ltr'><strong>populi</strong></span> <span class='ocrx_word' id='word_1_240' title='bbox 993 2737 1055 2774; x_wconf 88' lang='lat' dir='ltr'><strong>cum</strong></span> <span class='ocrx_word' id='word_1_241' title='bbox 1076 2720 1258 2774; x_wconf 85' lang='lat' dir='ltr'><strong>cardinalibus</strong></span> <span class='ocrx_word' id='word_1_242' title='bbox 1277 2724 1305 2774; x_wconf 87' lang='lat' dir='ltr'><strong>st</strong></span> 
     </span>
     <span class='ocr_line' id='line_1_30' title="bbox 152 2790 1304 2860; baseline 0 -16"><span class='ocrx_word' id='word_1_243' title='bbox 152 2797 177 2838; x_wconf 74' lang='lat'><strong>³⁰</strong></span> <span class='ocrx_word' id='word_1_244' title='bbox 186 2791 361 2860; x_wconf 81' lang='lat' dir='ltr'><strong>pontificibus</strong></span> <span class='ocrx_word' id='word_1_245' title='bbox 377 2790 478 2848; x_wconf 89' lang='lat' dir='ltr'>XIIH.</span> <span class='ocrx_word' id='word_1_246' title='bbox 491 2791 556 2848; x_wconf 86' lang='lat' dir='ltr'><strong>Kal.</strong></span> <span class='ocrx_word' id='word_1_247' title='bbox 568 2790 729 2846; x_wconf 86' lang='lat' dir='ltr'><strong>Decembris</strong></span> <span class='ocrx_word' id='word_1_248' title='bbox 745 2790 849 2859; x_wconf 87' lang='lat' dir='ltr'><strong>incepit</strong></span> <span class='ocrx_word' id='word_1_249' title='bbox 866 2791 1008 2860; x_wconf 88' lang='lat' dir='ltr'><strong>predicare</strong></span> <span class='ocrx_word' id='word_1_250' title='bbox 1021 2792 1180 2846; x_wconf 87' lang='lat' dir='ltr'><strong>solemniter</strong></span> <span class='ocrx_word' id='word_1_251' title='bbox 1196 2809 1304 2846; x_wconf 86' lang='lat' dir='ltr'><strong>crucem</strong></span> 
     </span>
     <span class='ocr_line' id='line_1_31' title="bbox 186 2861 1305 2918; baseline 0.002 -4"><span class='ocrx_word' id='word_1_252' title='bbox 186 2862 215 2914; x_wconf 92' lang='lat' dir='ltr'><strong>in</strong></span> <span class='ocrx_word' id='word_1_253' title='bbox 240 2880 398 2918; x_wconf 82' lang='lat' dir='ltr'><strong>succursum</strong></span> <span class='ocrx_word' id='word_1_254' title='bbox 417 2862 501 2917; x_wconf 81' lang='lat' dir='ltr'><strong>Terre</strong></span> <span class='ocrx_word' id='word_1_255' title='bbox 520 2861 620 2916; x_wconf 86' lang='lat' dir='ltr'><strong>Sancte</strong></span> <span class='ocrx_word' id='word_1_256' title='bbox 645 2866 674 2916; x_wconf 90' lang='lat' dir='ltr'><strong>et</strong></span> <span class='ocrx_word' id='word_1_257' title='bbox 698 2861 828 2915; x_wconf 88' lang='lat' dir='ltr'><strong>fratribus</strong></span> <span class='ocrx_word' id='word_1_258' title='bbox 846 2861 1001 2916; x_wconf 87' lang='lat' dir='ltr'><strong>Minoribus</strong></span> <span class='ocrx_word' id='word_1_259' title='bbox 1026 2880 1057 2916; x_wconf 88' lang='lat' dir='ltr'><strong>sc</strong></span> <span class='ocrx_word' id='word_1_260' title='bbox 1082 2862 1305 2916; x_wconf 88' lang='lat' dir='ltr'><strong>Predicatoribus</strong></span> 
     </span>
     <span class='ocr_line' id='line_1_32' title="bbox 186 2931 1305 3003; baseline -0.002 -15"><span class='ocrx_word' id='word_1_261' title='bbox 186 2949 236 3002; x_wconf 84' lang='lat' dir='ltr'><strong>per</strong></span> <span class='ocrx_word' id='word_1_262' title='bbox 253 2935 356 2988; x_wconf 83' lang='lat' dir='ltr'><strong>litteras</strong></span> <span class='ocrx_word' id='word_1_263' title='bbox 375 2934 534 3003; x_wconf 87' lang='lat' dir='ltr'><strong>apostolicas</strong></span> <span class='ocrx_word' id='word_1_264' title='bbox 553 2933 629 2988; x_wconf 87' lang='lat' dir='ltr'><strong>datas</strong></span> <span class='ocrx_word' id='word_1_265' title='bbox 644 2932 762 2986; x_wconf 85' lang='lat' dir='ltr'><strong>Viterbii</strong></span> <span class='ocrx_word' id='word_1_266' title='bbox 781 2931 873 2986; x_wconf 90' lang='lat' dir='ltr'><strong>stricte</strong></span> <span class='ocrx_word' id='word_1_267' title='bbox 891 2932 969 2987; x_wconf 90' lang='lat' dir='ltr'><strong>dedit</strong></span> <span class='ocrx_word' id='word_1_268' title='bbox 987 2933 1015 2986; x_wconf 92' lang='lat' dir='ltr'><strong>in</strong></span> <span class='ocrx_word' id='word_1_269' title='bbox 1033 2933 1170 2986; x_wconf 86' lang='lat' dir='ltr'><strong>mandatis</strong></span> <span class='ocrx_word' id='word_1_270' title='bbox 1189 2933 1305 2988; x_wconf 88' lang='lat' dir='ltr'><strong>eandem</strong></span> 
     </span>
     <span class='ocr_line' id='line_1_33' title="bbox 187 3002 1306 3074; baseline -0.002 -16"><span class='ocrx_word' id='word_1_271' title='bbox 187 3021 294 3060; x_wconf 89' lang='lat' dir='ltr'><strong>crucem</strong></span> <span class='ocrx_word' id='word_1_272' title='bbox 313 3005 446 3058; x_wconf 88' lang='lat' dir='ltr'><strong>instanter</strong></span> <span class='ocrx_word' id='word_1_273' title='bbox 463 3011 492 3059; x_wconf 86' lang='lat' dir='ltr'><strong>et</strong></span> <span class='ocrx_word' id='word_1_274' title='bbox 510 3004 658 3074; x_wconf 85' lang='lat' dir='ltr'><strong>diligenter</strong></span> <span class='ocrx_word' id='word_1_275' title='bbox 675 3021 725 3072; x_wconf 91' lang='lat' dir='ltr'><strong>per</strong></span> <span class='ocrx_word' id='word_1_276' title='bbox 743 3002 793 3056; x_wconf 89' lang='lat' dir='ltr'><strong>Dei</strong></span> <span class='ocrx_word' id='word_1_277' title='bbox 819 3003 961 3058; x_wconf 87' lang='lat' dir='ltr'><strong>ecclesiam</strong></span> <span class='ocrx_word' id='word_1_278' title='bbox 986 3004 1128 3073; x_wconf 87' lang='lat' dir='ltr'><strong>predicare</strong></span> <span class='ocrx_word' id='word_1_279' title='bbox 1148 3021 1208 3058; x_wconf 89' lang='lat' dir='ltr'><strong>cum</strong></span> <span class='ocrx_word' id='word_1_280' title='bbox 1229 3005 1306 3074; x_wconf 81' lang='lat' dir='ltr'><strong>larga</strong></span> 
     </span>
     <span class='ocr_line' id='line_1_34' title="bbox 188 3073 806 3146; baseline 0.003 -18"><span class='ocrx_word' id='word_1_281' title='bbox 188 3075 362 3146; x_wconf 79' lang='lat' dir='ltr'><strong>indulgencia</strong></span> <span class='ocrx_word' id='word_1_282' title='bbox 379 3077 407 3129; x_wconf 89' lang='lat' dir='ltr'><strong>in</strong></span> <span class='ocrx_word' id='word_1_283' title='bbox 425 3075 575 3129; x_wconf 87' lang='lat' dir='ltr'><strong>subsidium</strong></span> <span class='ocrx_word' id='word_1_284' title='bbox 595 3075 680 3128; x_wconf 87' lang='lat' dir='ltr'><strong>Terre</strong></span> <span class='ocrx_word' id='word_1_285' title='bbox 699 3073 806 3130; x_wconf 84' lang='lat' dir='ltr'><strong>Sancte.</strong></span> 
     </span>
    </p>
   </div>
   <div class='ocr_carea' id='block_1_6' title="bbox 154 3151 1398 3414">
    <p class='ocr_par' dir='ltr' id='par_1_6' title="bbox 154 3151 1398 3414">
     <span class='ocr_line' id='line_1_35' title="bbox 154 3151 1392 3236; baseline 0 -26"><span class='ocrx_word' id='word_1_286' title='bbox 154 3169 179 3210; x_wconf 83' lang='lat' dir='ltr'><strong>ss</strong></span> <span class='ocrx_word' id='word_1_287' title='bbox 293 3152 523 3216; x_wconf 83' lang='lat' dir='ltr'>MOOLXIII.</span> <span class='ocrx_word' id='word_1_288' title='bbox 559 3152 602 3215; x_wconf 93' lang='lat' dir='ltr'><strong>In</strong></span> <span class='ocrx_word' id='word_1_289' title='bbox 626 3154 747 3216; x_wconf 86' lang='lat' dir='ltr'><strong>sancta</strong></span> <span class='ocrx_word' id='word_1_290' title='bbox 768 3152 960 3218; x_wconf 82' lang='lat' dir='ltr'><strong>festivitate</strong></span> <span class='ocrx_word' id='word_1_291' title='bbox 985 3151 1149 3236; x_wconf 78' lang='lat' dir='ltr'><strong>paschali,</strong></span> <span class='ocrx_word' id='word_1_292' title='bbox 1173 3151 1392 3216; x_wconf 79' lang='lat' dir='ltr'><strong>scilieet1263.</strong></span> 
     </span>
     <span class='ocr_line' id='line_1_36' title="bbox 189 3240 1398 3325; baseline 0 -21"><span class='ocrx_word' id='word_1_293' title='bbox 189 3262 253 3325; x_wconf 89' lang='lat' dir='ltr'><strong>que</strong></span> <span class='ocrx_word' id='word_1_294' title='bbox 270 3245 344 3307; x_wconf 85' lang='lat' dir='ltr'><strong>erat</strong></span> <span class='ocrx_word' id='word_1_295' title='bbox 358 3241 413 3305; x_wconf 81' lang='lat' dir='ltr'><strong>in⁰</strong></span> <span class='ocrx_word' id='word_1_296' title='bbox 427 3241 506 3304; x_wconf 88' lang='lat' dir='ltr'><strong>Kal.</strong></span> <span class='ocrx_word' id='word_1_297' title='bbox 517 3241 655 3325; x_wconf 81' lang='lat' dir='ltr'><strong>Aprilis,</strong></span> <span class='ocrx_word' id='word_1_298' title='bbox 670 3241 832 3305; x_wconf 87' lang='lat' dir='ltr'><strong>soldanus</strong></span> <span class='ocrx_word' id='word_1_299' title='bbox 843 3240 1043 3305; x_wconf 80' lang='lat' dir='ltr'><strong>Babilonie⁴</strong></span> <span class='ocrx_word' id='word_1_300' title='bbox 1056 3244 1188 3304; x_wconf 85' lang='lat' dir='ltr'><strong>armata</strong></span> <span class='ocrx_word' id='word_1_301' title='bbox 1200 3260 1305 3303; x_wconf 88' lang='lat' dir='ltr'><strong>manu</strong></span> <span class='ocrx_word' id='word_1_302' title='bbox 1315 3262 1371 3313; x_wconf 65' lang='lat' dir='ltr'><strong>spr.</strong></span> <span class='ocrx_word' id='word_1_303' title='bbox 1380 3263 1398 3304; x_wconf 87' lang='lat'><strong>1.</strong></span> 
     </span>
     <span class='ocr_line' id='line_1_37' title="bbox 189 3329 1305 3414; baseline -0.003 -19"><span class='ocrx_word' id='word_1_304' title='bbox 189 3331 323 3396; x_wconf 89' lang='lat' dir='ltr'><strong>obsedit</strong></span> <span class='ocrx_word' id='word_1_305' title='bbox 346 3330 520 3396; x_wconf 85' lang='lat' dir='ltr'><strong>civitatem</strong></span> <span class='ocrx_word' id='word_1_306' title='bbox 545 3332 673 3394; x_wconf 88' lang='lat' dir='ltr'><strong>Accon.</strong></span> <span class='ocrx_word' id='word_1_307' title='bbox 708 3329 803 3394; x_wconf 83' lang='lat' dir='ltr'><strong>Tunc</strong></span> <span class='ocrx_word' id='word_1_308' title='bbox 827 3330 947 3414; x_wconf 88' lang='lat' dir='ltr'><strong>populi</strong></span> <span class='ocrx_word' id='word_1_309' title='bbox 972 3329 1162 3394; x_wconf 79' lang='lat' dir='ltr'><strong>Christiani</strong></span> <span class='ocrx_word' id='word_1_310' title='bbox 1185 3329 1305 3393; x_wconf 90' lang='lat' dir='ltr'><strong>coadu-</strong></span> 
     </span>
    </p>
   </div>
   <div class='ocr_carea' id='block_1_7' title="bbox 149 948 166 988">
    <p class='ocr_par' dir='ltr' id='par_1_7' title="bbox 149 948 166 988">
     <span class='ocr_line' id='line_1_38' title="bbox 149 948 166 988; baseline 0 0"><span class='ocrx_word' id='word_1_311' title='bbox 149 948 166 988; x_wconf 69' lang='grc' dir='ltr'><strong>ὅ</strong></span> 
     </span>
    </p>
   </div>
   <div class='ocr_carea' id='block_1_8' title="bbox 157 3519 1305 3766">
    <p class='ocr_par' dir='ltr' id='par_1_8' title="bbox 157 3519 1305 3766">
     <span class='ocr_line' id='line_1_39' title="bbox 300 3519 1305 3589; baseline -0.001 -18"><span class='ocrx_word' id='word_1_312' title='bbox 300 3519 415 3589; x_wconf 78' lang='lat' dir='ltr'><strong>*)In1</strong></span> <span class='ocrx_word' id='word_1_313' title='bbox 442 3519 529 3572; x_wconf 75' lang='lat' dir='ltr'><strong>sudem</strong></span> <span class='ocrx_word' id='word_1_314' title='bbox 554 3535 645 3586; x_wconf 82' lang='lat' dir='ltr'><strong>manu,</strong></span> <span class='ocrx_word' id='word_1_315' title='bbox 672 3520 717 3572; x_wconf 83' lang='lat' dir='ltr'><strong>scd</strong></span> <span class='ocrx_word' id='word_1_316' title='bbox 741 3519 890 3572; x_wconf 75' lang='lat' dir='ltr'><strong>minoribus</strong></span> <span class='ocrx_word' id='word_1_317' title='bbox 915 3519 1011 3571; x_wconf 61' lang='lat' dir='ltr'><strong>latua</strong></span> <span class='ocrx_word' id='word_1_318' title='bbox 1036 3521 1106 3572; x_wconf 69' lang='lat' dir='ltr'><strong>inter</strong></span> <span class='ocrx_word' id='word_1_319' title='bbox 1125 3519 1210 3571; x_wconf 80' lang='lat' dir='ltr'><strong>lineus</strong></span> <span class='ocrx_word' id='word_1_320' title='bbox 1234 3525 1258 3570; x_wconf 80' lang='lat' dir='ltr'><strong>st</strong></span> <span class='ocrx_word' id='word_1_321' title='bbox 1276 3522 1305 3570; x_wconf 82' lang='lat' dir='ltr'><strong>in</strong></span> 
     </span>
     <span class='ocr_line' id='line_1_40' title="bbox 346 3600 1305 3676; baseline -0.001 -16"><span class='ocrx_word' id='word_1_322' title='bbox 346 3625 433 3676; x_wconf 75' lang='lat' dir='ltr'><strong>marp.</strong></span> <span class='ocrx_word' id='word_1_323' title='bbox 452 3610 532 3664; x_wconf 51' lang='lat' dir='ltr'><strong>adda</strong></span> <span class='ocrx_word' id='word_1_324' title='bbox 550 3602 604 3676; x_wconf 90' lang='lat' dir='ltr'><strong>qui</strong></span> <span class='ocrx_word' id='word_1_325' title='bbox 618 3601 757 3659; x_wconf 87' lang='lat' dir='ltr'><strong>instituit</strong></span> <span class='ocrx_word' id='word_1_326' title='bbox 779 3600 898 3659; x_wconf 83' lang='lat' dir='ltr'><strong>festum</strong></span> <span class='ocrx_word' id='word_1_327' title='bbox 914 3601 1100 3658; x_wconf 87' lang='lat' dir='ltr'><strong>venerabilis</strong></span> <span class='ocrx_word' id='word_1_328' title='bbox 1117 3602 1305 3659; x_wconf 86' lang='lat' dir='ltr'><strong>sacramenti</strong></span> 
     </span>
     <span class='ocr_line' id='line_1_41' title="bbox 157 3691 659 3766; baseline 0.008 -22"><span class='ocrx_word' id='word_1_329' title='bbox 157 3705 182 3744; x_wconf 80' lang='lat' dir='ltr'><strong>ao</strong></span> <span class='ocrx_word' id='word_1_330' title='bbox 347 3709 419 3748; x_wconf 90' lang='lat' dir='ltr'><strong>cum</strong></span> <span class='ocrx_word' id='word_1_331' title='bbox 442 3691 659 3766; x_wconf 84' lang='lat' dir='ltr'><strong>indulgenciis.</strong></span> 
     </span>
    </p>
   </div>
   <div class='ocr_carea' id='block_1_9' title="bbox 190 3875 1306 3980">
    <p class='ocr_par' dir='ltr' id='par_1_9' title="bbox 190 3875 1306 3980">
     <span class='ocr_line' id='line_1_42' title="bbox 190 3875 1306 3926; baseline -0.001 -9"><span class='ocrx_word' id='word_1_332' title='bbox 190 3875 211 3924; x_wconf 81' lang='lat' dir='ltr'><strong>a)</strong></span> <span class='ocrx_word' id='word_1_333' title='bbox 225 3877 271 3920; x_wconf 86' lang='lat' dir='ltr'><strong>ord.</strong></span> <span class='ocrx_word' id='word_1_334' title='bbox 284 3877 350 3919; x_wconf 85' lang='lat' dir='ltr'><strong>Prcd.</strong></span> <span class='ocrx_word' id='word_1_335' title='bbox 364 3877 484 3919; x_wconf 65' lang='lat' dir='ltr'><strong>bissum.</strong></span> <span class='ocrx_word' id='word_1_336' title='bbox 558 3876 581 3926; x_wconf 91' lang='lat' dir='ltr'><strong>b)</strong></span> <span class='ocrx_word' id='word_1_337' title='bbox 600 3877 632 3915; x_wconf 79' lang='lat' dir='ltr'><strong>sle</strong></span> <span class='ocrx_word' id='word_1_338' title='bbox 645 3876 679 3922; x_wconf 77' lang='lat' dir='ltr'><strong>R:</strong></span> <span class='ocrx_word' id='word_1_339' title='bbox 698 3875 836 3926; x_wconf 73' lang='lat' dir='ltr'><strong>inpugnants</strong></span> <span class='ocrx_word' id='word_1_340' title='bbox 851 3877 870 3919; x_wconf 90' lang='lat'><strong>1.</strong></span> <span class='ocrx_word' id='word_1_341' title='bbox 950 3877 970 3924; x_wconf 85' lang='lat' dir='ltr'><strong>a)</strong></span> <span class='ocrx_word' id='word_1_342' title='bbox 991 3875 1114 3925; x_wconf 65' lang='lat' dir='ltr'><strong>smssduvlr</strong></span> <span class='ocrx_word' id='word_1_343' title='bbox 1135 3875 1214 3923; x_wconf 81' lang='lat'>111.1;</span> <span class='ocrx_word' id='word_1_344' title='bbox 1238 3877 1306 3916; x_wconf 84' lang='lat' dir='ltr'><strong>aerelo</strong></span> 
     </span>
     <span class='ocr_line' id='line_1_43' title="bbox 191 3930 572 3980; baseline 0.005 -10"><span class='ocrx_word' id='word_1_345' title='bbox 191 3931 281 3976; x_wconf 67' lang='grc' dir='ltr'><strong>1ν111,·</strong></span> <span class='ocrx_word' id='word_1_346' title='bbox 296 3931 323 3978; x_wconf 71' lang='lat' dir='ltr'><strong>es.</strong></span> <span class='ocrx_word' id='word_1_347' title='bbox 337 3941 406 3980; x_wconf 73' lang='lat' dir='ltr'><strong>surpra</strong></span> <span class='ocrx_word' id='word_1_348' title='bbox 419 3941 444 3980; x_wconf 82' lang='lat' dir='ltr'><strong>p.</strong></span> <span class='ocrx_word' id='word_1_349' title='bbox 457 3930 505 3980; x_wconf 71' lang='grc'><strong>281,</strong></span> <span class='ocrx_word' id='word_1_350' title='bbox 519 3941 540 3973; x_wconf 77' lang='lat' dir='ltr'><strong>a.</strong></span> <span class='ocrx_word' id='word_1_351' title='bbox 554 3939 572 3973; x_wconf 86' lang='lat' dir='ltr'><strong>r.</strong></span> 
     </span>
    </p>
   </div>
   <div class='ocr_carea' id='block_1_10' title="bbox 162 4088 1310 4514">
    <p class='ocr_par' dir='ltr' id='par_1_10' title="bbox 191 4088 1310 4228">
     <span class='ocr_line' id='line_1_44' title="bbox 192 4088 1308 4156; baseline -0.002 -12"><span class='ocrx_word' id='word_1_352' title='bbox 192 4091 217 4156; x_wconf 80' lang='lat'><strong>1)</strong></span> <span class='ocrx_word' id='word_1_353' title='bbox 237 4091 361 4143; x_wconf 69' lang='lat' dir='ltr'><strong>Abusus</strong></span> <span class='ocrx_word' id='word_1_354' title='bbox 378 4105 403 4142; x_wconf 86' lang='lat' dir='ltr'><strong>u.</strong></span> <span class='ocrx_word' id='word_1_355' title='bbox 418 4091 495 4145; x_wconf 81' lang='lat'>1258.</span> <span class='ocrx_word' id='word_1_356' title='bbox 514 4089 634 4154; x_wconf 73' lang='lat' dir='ltr'><strong>defundi</strong></span> <span class='ocrx_word' id='word_1_357' title='bbox 657 4095 680 4140; x_wconf 78' lang='lat' dir='ltr'><strong>st</strong></span> <span class='ocrx_word' id='word_1_358' title='bbox 697 4088 779 4142; x_wconf 74' lang='lat' dir='ltr'><strong>huius</strong></span> <span class='ocrx_word' id='word_1_359' title='bbox 797 4088 883 4142; x_wconf 68' lang='lat' dir='ltr'><strong>obiam</strong></span> <span class='ocrx_word' id='word_1_360' title='bbox 901 4091 930 4140; x_wconf 81' lang='lat' dir='ltr'><strong>iu</strong></span> <span class='ocrx_word' id='word_1_361' title='bbox 948 4089 1049 4144; x_wconf 80' lang='lat' dir='ltr'><strong>Necrol.</strong></span> <span class='ocrx_word' id='word_1_362' title='bbox 1069 4089 1095 4144; x_wconf 81' lang='lat' dir='ltr'><strong>S.</strong></span> <span class='ocrx_word' id='word_1_363' title='bbox 1106 4090 1188 4156; x_wconf 77' lang='lat' dir='ltr'><strong>Petri,</strong></span> <span class='ocrx_word' id='word_1_364' title='bbox 1207 4089 1308 4142; x_wconf 78' lang='lat' dir='ltr'><strong>Setan-</strong></span> 
     </span>
     <span class='ocr_line' id='line_1_45' title="bbox 191 4160 1310 4228; baseline 0.002 -16"><span class='ocrx_word' id='word_1_365' title='bbox 191 4168 245 4225; x_wconf 68' lang='grc' dir='ltr'><strong>καί,</strong></span> <span class='ocrx_word' id='word_1_366' title='bbox 268 4161 348 4215; x_wconf 74' lang='lat' dir='ltr'><strong>Vinci.</strong></span> <span class='ocrx_word' id='word_1_367' title='bbox 373 4161 442 4216; x_wconf 76' lang='lat' dir='ltr'><strong>liter.</strong></span> <span class='ocrx_word' id='word_1_368' title='bbox 460 4160 500 4228; x_wconf 82' lang='lat' dir='ltr'><strong>II,</strong></span> <span class='ocrx_word' id='word_1_369' title='bbox 523 4177 552 4226; x_wconf 87' lang='lat' dir='ltr'><strong>p.</strong></span> <span class='ocrx_word' id='word_1_370' title='bbox 573 4162 615 4215; x_wconf 84' lang='grc'><strong>17.</strong></span> <span class='ocrx_word' id='word_1_371' title='bbox 633 4162 677 4224; x_wconf 78' lang='grc'><strong>20,</strong></span> <span class='ocrx_word' id='word_1_372' title='bbox 702 4160 739 4212; x_wconf 83' lang='lat' dir='ltr'><strong>ad</strong></span> <span class='ocrx_word' id='word_1_373' title='bbox 762 4161 831 4212; x_wconf 83' lang='lat' dir='ltr'><strong>diem</strong></span> <span class='ocrx_word' id='word_1_374' title='bbox 848 4161 909 4216; x_wconf 80' lang='lat' dir='ltr'><strong>Ian.</strong></span> <span class='ocrx_word' id='word_1_375' title='bbox 928 4163 972 4217; x_wconf 87' lang='grc'><strong>20.</strong></span> <span class='ocrx_word' id='word_1_376' title='bbox 995 4167 1017 4212; x_wconf 83' lang='lat' dir='ltr'><strong>st</strong></span> <span class='ocrx_word' id='word_1_377' title='bbox 1035 4161 1101 4217; x_wconf 85' lang='lat' dir='ltr'><strong>Nou.</strong></span> <span class='ocrx_word' id='word_1_378' title='bbox 1122 4164 1163 4218; x_wconf 86' lang='grc'><strong>18.</strong></span> <span class='ocrx_word' id='word_1_379' title='bbox 1187 4163 1310 4214; x_wconf 78' lang='lat' dir='ltr'><strong>adnotati</strong></span> 
     </span>
    </p>

    <p class='ocr_par' dir='ltr' id='par_1_11' title="bbox 162 4231 1309 4514">
     <span class='ocr_line' id='line_1_46' title="bbox 162 4231 1308 4301; baseline -0.002 -13"><span class='ocrx_word' id='word_1_380' title='bbox 162 4233 321 4288; x_wconf 68' lang='lat' dir='ltr'><strong>cadauer.</strong></span> <span class='ocrx_word' id='word_1_381' title='bbox 404 4233 432 4301; x_wconf 87' lang='grc'><strong>2)</strong></span> <span class='ocrx_word' id='word_1_382' title='bbox 452 4231 504 4284; x_wconf 80' lang='lat' dir='ltr'><strong>Dis</strong></span> <span class='ocrx_word' id='word_1_383' title='bbox 521 4231 582 4284; x_wconf 80' lang='lat' dir='ltr'><strong>Ian.</strong></span> <span class='ocrx_word' id='word_1_384' title='bbox 601 4233 646 4295; x_wconf 80' lang='grc'><strong>27,</strong></span> <span class='ocrx_word' id='word_1_385' title='bbox 663 4231 768 4286; x_wconf 82' lang='lat' dir='ltr'><strong>Necrol.</strong></span> <span class='ocrx_word' id='word_1_386' title='bbox 786 4231 813 4290; x_wconf 83' lang='lat' dir='ltr'><strong>S,</strong></span> <span class='ocrx_word' id='word_1_387' title='bbox 829 4233 903 4284; x_wconf 77' lang='lat' dir='ltr'><strong>Petri</strong></span> <span class='ocrx_word' id='word_1_388' title='bbox 918 4233 973 4288; x_wconf 84' lang='lat' dir='ltr'><strong>cod.</strong></span> <span class='ocrx_word' id='word_1_389' title='bbox 991 4233 1111 4298; x_wconf 80' lang='lat' dir='ltr'><strong>Helwici,</strong></span> <span class='ocrx_word' id='word_1_390' title='bbox 1133 4234 1175 4288; x_wconf 70' lang='grc' dir='ltr'><strong>’Ν</strong></span> <span class='ocrx_word' id='word_1_391' title='bbox 1195 4233 1308 4286; x_wconf 80' lang='lat' dir='ltr'><strong>Archic&#39;</strong></span> 
     </span>
     <span class='ocr_line' id='line_1_47' title="bbox 192 4301 1308 4373; baseline 0.003 -17"><span class='ocrx_word' id='word_1_392' title='bbox 192 4303 292 4370; x_wconf 80' lang='lat' dir='ltr'>XXII,</span> <span class='ocrx_word' id='word_1_393' title='bbox 313 4320 342 4370; x_wconf 87' lang='lat' dir='ltr'><strong>p.</strong></span> <span class='ocrx_word' id='word_1_394' title='bbox 355 4305 423 4369; x_wconf 82' lang='lat'><strong>513;</strong></span> <span class='ocrx_word' id='word_1_395' title='bbox 441 4303 590 4368; x_wconf 57' lang='lat' dir='ltr'><strong>wama,</strong></span> <span class='ocrx_word' id='word_1_396' title='bbox 614 4301 692 4356; x_wconf 67' lang='lat' dir='ltr'><strong>Vina</strong></span> <span class='ocrx_word' id='word_1_397' title='bbox 712 4303 782 4358; x_wconf 79' lang='lat' dir='ltr'><strong>liter.</strong></span> <span class='ocrx_word' id='word_1_398' title='bbox 797 4303 842 4368; x_wconf 84' lang='lat'><strong>11,</strong></span> <span class='ocrx_word' id='word_1_399' title='bbox 857 4321 886 4371; x_wconf 82' lang='lat' dir='ltr'><strong>p.</strong></span> <span class='ocrx_word' id='word_1_400' title='bbox 900 4306 941 4358; x_wconf 84' lang='grc'><strong>17.</strong></span> <span class='ocrx_word' id='word_1_401' title='bbox 1022 4305 1050 4373; x_wconf 78' lang='grc'><strong>3)</strong></span> <span class='ocrx_word' id='word_1_402' title='bbox 1069 4305 1210 4372; x_wconf 65' lang='lat' dir='ltr'><strong>Superstitio</strong></span> <span class='ocrx_word' id='word_1_403' title='bbox 1229 4306 1308 4359; x_wconf 66' lang='lat' dir='ltr'><strong>mon.</strong></span> 
     </span>
     <span class='ocr_line' id='line_1_48' title="bbox 193 4373 1309 4442; baseline 0 -16"><span class='ocrx_word' id='word_1_404' title='bbox 193 4375 283 4427; x_wconf 76' lang='lat' dir='ltr'><strong>Minor·</strong></span> <span class='ocrx_word' id='word_1_405' title='bbox 302 4375 339 4425; x_wconf 84' lang='lat' dir='ltr'><strong>ud</strong></span> <span class='ocrx_word' id='word_1_406' title='bbox 355 4390 382 4428; x_wconf 83' lang='lat' dir='ltr'><strong>a.</strong></span> <span class='ocrx_word' id='word_1_407' title='bbox 402 4376 478 4430; x_wconf 85' lang='grc'><strong>1262.</strong></span> <span class='ocrx_word' id='word_1_408' title='bbox 503 4373 589 4436; x_wconf 81' lang='lat' dir='ltr'><strong>habat,</strong></span> <span class='ocrx_word' id='word_1_409' title='bbox 611 4379 635 4425; x_wconf 84' lang='lat' dir='ltr'><strong>st</strong></span> <span class='ocrx_word' id='word_1_410' title='bbox 654 4375 776 4439; x_wconf 80' lang='lat' dir='ltr'><strong>priorem</strong></span> <span class='ocrx_word' id='word_1_411' title='bbox 795 4389 884 4426; x_wconf 72' lang='lat' dir='ltr'><strong>soram</strong></span> <span class='ocrx_word' id='word_1_412' title='bbox 906 4382 1011 4442; x_wconf 76' lang='lat' dir='ltr'><strong>purtem</strong></span> <span class='ocrx_word' id='word_1_413' title='bbox 1031 4378 1109 4428; x_wconf 77' lang='lat' dir='ltr'><strong>stium</strong></span> <span class='ocrx_word' id='word_1_414' title='bbox 1129 4377 1209 4431; x_wconf 74' lang='lat' dir='ltr'><strong>Crosa.</strong></span> <span class='ocrx_word' id='word_1_415' title='bbox 1228 4377 1309 4428; x_wconf 63' lang='lat' dir='ltr'><strong>Rss&#39;w</strong></span> 
     </span>
     <span class='ocr_line' id='line_1_49' title="bbox 193 4443 862 4514; baseline 0.004 -17"><span class='ocrx_word' id='word_1_416' title='bbox 193 4445 315 4499; x_wconf 77' lang='lat' dir='ltr'><strong>tarsisbr.</strong></span> <span class='ocrx_word' id='word_1_417' title='bbox 334 4445 371 4496; x_wconf 83' lang='lat' dir='ltr'><strong>ud</strong></span> <span class='ocrx_word' id='word_1_418' title='bbox 389 4459 414 4500; x_wconf 80' lang='lat' dir='ltr'><strong>a.</strong></span> <span class='ocrx_word' id='word_1_419' title='bbox 429 4446 504 4500; x_wconf 85' lang='grc'><strong>1262.</strong></span> <span class='ocrx_word' id='word_1_420' title='bbox 518 4443 636 4512; x_wconf 71' lang='lat' dir='ltr'><strong>prasbd.</strong></span> <span class='ocrx_word' id='word_1_421' title='bbox 708 4447 736 4514; x_wconf 87' lang='lat'><strong>4)</strong></span> <span class='ocrx_word' id='word_1_422' title='bbox 754 4446 862 4500; x_wconf 78' lang='lat' dir='ltr'><strong>Biturs.</strong></span> 
     </span>
    </p>
   </div>
   <div class='ocr_carea' id='block_1_11' title="bbox 0 0 1602 5022">
    <p class='ocr_par' dir='ltr' id='par_1_12' title="bbox 0 0 1602 5022">
     <span class='ocr_line' id='line_1_50' title="bbox 0 0 1602 5022; baseline 0 0"><span class='ocrx_word' id='word_1_423' title='bbox 0 0 1602 5022; x_wconf 95' lang='lat' dir='ltr'><strong> </strong></span> 
     </span>
    </p>
   </div>
  </div>
 </body>
</html>
