3214 4990
616 481 785 538 oRONIoA
802 481 938 540 MINOR.
1281 486 1334 542 487

327 665 479 731 Fratrem
501 665 626 732 ordinis
648 664 818 731 Miuorum
840 665 924 730 huuc
946 671 1103 731 auctorem
1125 663 1227 745 fuisse
1248 671 1278 730 et
1298 664 1336 730 iu

221 760 373 819 conuentu
394 753 490 820 huius
511 753 639 820 ordinis
660 753 825 837 sumpsisse
842 759 939 836 patet,
963 753 1333 819 ucmcirlrerita.1223.

219 842 341 922 fratres
363 842 512 908 Minores
533 842 738 926 Erphordiae
765 842 961 908 mansionem
991 841 1151 924 recepisse.
1197 842 1243 906 Et
1267 842 1334 922 fra·

221 937 298 996 trem
329 931 455 998 ordinis
477 931 624 997 Minoris
654 931 800 1015 aquoscis
829 951 868 997 eu
895 931 939 996 iis
968 951 1049 1013 quae
1078 933 1116 997 de
1145 931 1201 997 icoc
1223 930 1335 996 ordine

189 1019 364 1102 sfuuciato,
388 1021 426 1086 de
448 1020 569 1086 sanctis
591 1020 687 1086 iuuius
704 1019 829 1086 ordinis
843 1019 1030 1101 From-isco,
1046 1019 1198 1100 Antonio,
1221 1018 1333 1100 Claro,

220 1129 300 1190 quac
315 1109 353 1174 de
369 1109 524 1193 Greqorio
531 1110 556 1174 I
556 1109 601 1174 X.
613 1116 643 1176 et
652 1108 840 1174 Amsandro
848 1108 874 1172 Ι
877 1109 914 1173 V.
925 1108 1141 1191 pontificibus,
1152 1108 1334 1190 protectori-

221 1197 277 1262 bus
292 1204 321 1262 et
334 1197 515 1277 fautoribus
530 1198 671 1278 fratrum
683 1197 861 1280 Minaeum,
878 1198 916 1263 cic
927 1197 1064 1280 capituto
1074 1197 1216 1277 fratrum
1226 1195 1331 1262 Mimo

220 1306 292 1350 rum
315 1307 345 1350 u.
365 1291 460 1351 1256.
484 1286 606 1353 Romae
628 1287 779 1352 ceteirrato
800 1285 930 1367 scripsit
939 1287 960 1349 ¹.
1001 1284 1240 1368 Erphordeusis
1262 1284 1333 1350 ciui-

221 1373 296 1440 tatis
318 1374 425 1442 incolo
447 1382 557 1441 auctor
579 1375 684 1442 euadit
711 1375 807 1440 etiam
836 1395 875 1440 eu
895 1374 940 1439 iis
968 1395 1049 1457 quae
1077 1375 1115 1439 de
1143 1373 1334 1439 monasterio

186 1462 345 1529 roMoutis
365 1464 399 1530 S.
412 1464 503 1530 Petri
523 1464 571 1529 ibi
589 1470 763 1531 cmutructo
779 1459 851 1543 (seeo
867 1485 899 1529 a.
913 1465 1003 1548 703),
1027 1464 1065 1529 cic
1080 1463 1259 1546 episcopatu
1273 1463 1334 1527 Er-

147 1603 149 1610 .
214 1551 374 1633 pucritiae
388 1554 524 1634 fundato
547 1551 621 1633 (sui)
640 1574 670 1618 a.
686 1553 775 1636 750),
799 1553 838 1618 de
854 1551 955 1618 reciuu
972 1553 1081 1618 domus
1095 1550 1335 1634 Erphordeusis

221 1662 252 1706 a.
267 1646 361 1705 1184.
379 1642 494 1707 retulit.
526 1643 595 1708 Nec
608 1642 735 1723 mirum,
751 1643 835 1724 quoii
848 1662 913 1706 uou
922 1643 1023 1722 ptura
1037 1639 1283 1723 Erphordeusiu
1297 1638 1334 1704 iu

220 1729 276 1795 icoc
299 1730 380 1796 libro
401 1730 618 1811 iuoeuiautur,
642 1752 711 1796 cum
730 1736 840 1796 auctor
853 1751 946 1795 oerus
967 1729 1068 1810 fuerit
1088 1729 1195 1809 frater
1208 1728 1332 1809 Minor,

219 1818 275 1899 qui
282 1839 404 1902 parum
419 1839 500 1902 quae
515 1818 553 1885 in
565 1818 680 1902 patria
694 1825 783 1901 qesta
800 1818 866 1884 siut
883 1819 1016 1884 curabat
1024 1820 1044 1899 ²,
1061 1824 1091 1882 et
1103 1817 1180 1883 haec
1194 1815 1334 1899 quaestio

185 1928 211 1968 ss
220 1907 393 1972 absolvitur
410 1929 453 1990 eo,
476 1910 560 1990 quod
576 1908 671 1988 iufra
690 1907 829 1972 dicemus
846 1929 916 1972 eum
935 1908 1013 1972 duos
1034 1906 1132 1972 libros
1148 1904 1334 1971 monasterii

220 1996 344 2061 Montis
356 1998 390 2062 S.
401 1997 491 2062 Petri
502 1995 740 2078 Erphordeusis
750 1995 962 2077 exscripsisse.
994 1996 1100 2078 Qrsare
1112 1994 1181 2059 iam
1195 1994 1334 2058 omittere

214 2105 383 2166 possumus
402 2086 491 2166 locos,
514 2107 553 2150 eu
570 2085 683 2167 quibus
704 2105 774 2150 eum
791 2085 829 2150 iu
849 2083 1034 2167 Thuriuqiu
1055 2083 1173 2148 unisse
1190 2088 1332 2164 apparet.

326 2174 477 2239 Auctoris
506 2195 619 2238 umneu
647 2173 826 2255 iquoratur,
856 2172 1019 2256 cumipse
1047 2171 1084 2237 iu
1113 2171 1194 2237 libro
1223 2191 1279 2236 suo
1301 2190 1334 2235 se

220 2283 285 2328 uou
307 2262 528 2328 nominaverit.
571 2263 775 2327 Erraoeruut
796 2262 881 2327 euim
903 2267 1040 2327 recentes
1062 2260 1117 2342 qui
1139 2261 1196 2326 hoc
1219 2258 1333 2325 coniec-

184 2357 294 2417 sotura
323 2351 477 2433 reperisse
510 2351 573 2417 sibi
607 2350 669 2416 sisi
703 2352 807 2416 sicut³.
852 2351 957 2433 Atque
984 2350 1147 2416 Iorctauus
1175 2349 1213 2414 de
1242 2349 1275 2413 Y
1272 2369 1333 2412 aue

222 2545 247 2611 l)
265 2544 298 2596 Ut
310 2543 343 2598 B.
356 2543 379 2598 I.
393 2545 489 2610 Docen,
503 2543 629 2595 ‘Archiv'
642 2543 681 2610 II,
699 2562 727 2612 p.
741 2545 775 2599 70
786 2560 834 2610 sq,
852 2545 926 2609 falso
943 2549 1054 2596 censeret
1066 2550 1199 2595 auctorem
1216 2542 1332 2606 fratrem

219 2615 323 2668 oruiinr'es
340 2615 561 2667 Pruadieotomrm
578 2615 672 2680 fuisse,
692 2631 719 2667 eo
736 2621 879 2667 commotus
897 2620 941 2680 est,
960 2615 1030 2682 quod
1047 2615 1155 2668 uatum
1171 2614 1332 2666 recensionis

219 2687 321 2749 fratris
339 2687 442 2738 Suem'ct
459 2686 541 2738 huius
559 2687 664 2738 ordinis
683 2686 791 2751 tequea.
829 2686 884 2750 Qut
899 2688 956 2738 iam
973 2691 1040 2738 recte
1057 2687 1164 2738 eoniuit
1181 2685 1251 2736 nanc
1267 2684 1333 2736 Ora-

219 2759 305 2809 nr'cam
333 2757 506 2825 Erphorritae
530 2759 706 2824 consuiptam
732 2773 793 2822 esse,
820 2758 865 2810 scd
891 2757 967 2810 nullo
997 2759 1056 2810 iure
1086 2755 1271 2809 firmicum
1301 2755 1333 2806 de

184 2838 210 2878 rs
220 2828 332 2895 Apoida,
352 2830 470 2892 fratrem
488 2828 593 2880 ordinis
612 2829 838 2894 Praedicatorum,
865 2836 998 2880 commem
1015 2829 1090 2880 Vitae
1107 2826 1244 2880 Elisabeth
1262 2827 1331 2877 taut-

217 2901 335 2966 qram'ue,
361 2915 418 2951 cam
443 2901 615 2966 composuisse
639 2901 796 2953 emuctuoit.
833 2899 934 2964 Postea,
956 2898 1079 2952 ‘Archiv’
1098 2897 1154 2963 ΙΙΙ,
1177 2914 1206 2964 p.
1221 2901 1254 2952 17
1266 2912 1331 2962 sqq,

218 2971 331 3023 otonem
348 2971 458 3022 codicem
476 2972 634 3023 recursionis
651 2971 752 3033 fratris
770 2970 968 3022 Prauuacuu
985 2970 1088 3022 Suem'ci
1104 2974 1197 3020 nodus
1214 2983 1332 3020 errorem

218 3039 1331 3178 ttttt“.t·'⁶“tz.t⁰t..¹ttts⁸ttttttttttttuttittttt

183 3183 276 3234 utun
294 3129 552 3250 crciee'eprsqcoporum
570 3185 741 3236 musseium
758 3183 931 3249 adnotavere,
957 3198 1038 3250 neque
1054 3185 1133 3234 etiam
1154 3180 1291 3233 Gerhordi
1307 3179 1329 3233 Ι.

217 3253 411 3322 archiepiscopi
427 3271 452 3308 o.
467 3255 544 3309 1259.
565 3257 594 3306 in
612 3255 715 3307 melesio
733 3253 856 3317 fratrum
872 3253 1011 3306 Minorum
1030 3253 1219 3320 Erphordmei
1235 3251 1334 3316 sepulti

218 3327 372 3377 metationem
396 3326 497 3388 fecerit.
575 3325 604 3394 3)
624 3326 658 3376 In
676 3325 772 3378 codices
790 3325 843 3381 131
869 3326 937 3388 folio
955 3328 980 3381 3.
999 3341 1096 3377 manses
1119 3323 1220 3375 camneti
1236 3321 1330 3375 XVII.

217 3396 371 3448 adnotavit:
390 3394 466 3448 Nihil
479 3394 575 3448 dubito
588 3395 668 3448 huius
686 3395 809 3464 opusculi
828 3395 971 3449 authorem
990 3394 1072 3448 fuisso
1089 3393 1242 3448 Iohannem
1260 3391 1330 3445 Teu-

218 3465 347 3534 tonicum,
367 3483 401 3519 ex
420 3465 556 3536 Friburgo
576 3465 730 3534 oriundum,
750 3467 908 3536 episcopum
920 3465 1109 3520 Bossinensem
1129 3469 1157 3518 et
1174 3463 1329 3534 generalem

183 3537 259 3590 tonui
284 3537 387 3590 ordinis
411 3537 478 3602 (ecit.
498 3539 730 3603 Praedicatorum)
755 3543 890 3605 quartum.
927 3540 964 3591 At
988 3539 1147 3590 mirminter
1165 3536 1207 3588 iric
1231 3536 1331 3588 errauit

217 3610 261 3674 (do
273 3609 393 3662 Iohanne
408 3610 547 3662 Tuetonico
566 3609 628 3662 hacc
639 3626 672 3661 eu
689 3609 832 3662 Tritisemie'
842 3610 874 3662 de
885 3614 976 3677 sus'pt.
989 3611 1056 3675 ecci,
1078 3609 1164 3677 Opera
1176 3609 1215 3660 ed.
1228 3605 1331 3659 Frater

217 3679 241 3744 I,
258 3698 286 3748 p.
299 3681 360 3746 287,
380 3680 550 3745 exscribens),
571 3682 600 3731 in
618 3697 734 3733 errorem
753 3683 848 3734 ductus
864 3682 1056 3749 subsnuptione
1073 3681 1153 3732 libri:
1172 3675 1331 3745 Gomplstus

218 3754 259 3802 est
283 3749 334 3804 iste
360 3749 429 3804 iiber
453 3767 503 3819 per
528 3767 624 3804 monus
642 3749 781 3818 Iohannis,
806 3767 861 3819 quo
884 3752 973 3804 sos-iba
991 3752 1073 3804 huius
1090 3752 1185 3804 codicis
1201 3765 1229 3802 sc
1245 3750 1331 3800 nomi-

217 3823 298 3875 uum’t.
329 3821 461 3888 Maqs'sier
478 3822 524 3874 illc
540 3823 673 3888 pomerolis
691 3823 796 3874 ordinis
821 3823 1040 3875 Prauououm
1058 3825 1114 3874 iam
1132 3837 1158 3873 a.
1172 3822 1249 3877 1252.
1268 3819 1331 3871 obiit

181 3892 265 3956 so(cf.
284 3909 370 3960 supra
387 3911 414 3961 p.
430 3894 503 3957 112),
521 3899 654 3946 auctorem
672 3900 794 3946 nostrum
812 3909 838 3948 a.
852 3897 928 3949 1261.
947 3894 1062 3958 fratrem
1075 3894 1206 3945 Minorem
1222 3893 1254 3942 in
1271 3905 1331 3944 oon·

217 3969 294 4015 omtu
312 3963 502 4032 Erphordmsr'
518 3967 616 4018 mauce
634 3965 754 4018 vidimus.
794 3965 836 4029 Of.
849 3965 968 4031 Eehard,
989 3965 1086 4032 Script.
1106 3964 1163 4017 mu.
1178 3962 1329 4015 Praedicat.

218 4035 241 4101 1,
257 4053 286 4102 p.
302 4036 360 4091 113.
381 4065 412 4074 -
433 4034 468 4086 In
487 4037 613 4089 interiore
630 4041 775 4102 tequmento
792 4038 888 4088 adun
907 4037 959 4092 Dl
979 4052 1064 4088 manu
1081 4051 1146 4090 suec.
1159 4033 1329 4086 XV-XVI.

217 4109 319 4172 scripta
336 4111 416 4158 sunt:
434 4104 497 4158 Heo
510 4105 686 4160 continentur
703 4107 732 4158 in
745 4105 816 4159 libro
829 4107 896 4160 hoo:
915 4105 989 4160 Item
1008 4106 1118 4160 cronius
1136 4103 1229 4158 srstris
1240 4102 1330 4156 David

217 4174 251 4230 de
270 4177 397 4246 Augusta
422 4177 457 4230 ds
481 4177 594 4230 summis
617 4176 791 4247 pontificibus
816 4183 845 4231 et
869 4177 1078 4246 imperatoribus
1102 4175 1240 4231 Romanis.
1279 4175 1333 4239 Qus·

180 4247 320 4315 sequidem
338 4249 428 4313 frater
446 4247 540 4301 Minor
558 4251 620 4314 fuit,
639 4266 664 4304 a.
679 4252 755 4304 1271.
776 4249 848 4314 obiit,
871 4249 916 4302 scd
940 4251 1133 4305 euma.1261.
1153 4251 1183 4300 in
1207 4253 1331 4300 uncum

217 4319 405 4387 Erphordensi
421 4327 555 4372 morotum
567 4335 620 4373 esse
634 4335 680 4374 uec
694 4321 812 4389 probari
821 4337 867 4373 nec
878 4322 951 4373 orodi
963 4326 1055 4389 potest.
1084 4319 1158 4372 Unde
1170 4319 1218 4371 illa
1230 4320 1329 4386 opinio,

217 4390 394 4458 undecumque
418 4397 479 4442 auo
497 4397 546 4454 est,
573 4393 706 4444 res'cieudo
724 4397 773 4456 eet,
800 4397 829 4443 ut
848 4393 947 4460 Dum,
967 4391 1090 4444 ‘Arenio’
1108 4392 1169 4458 III,
1192 4407 1222 4456 p.
1237 4391 1270 4445 18
1282 4405 1329 4456 oq..

216 4459 332 4526 Pfeiffu‘
350 4464 380 4513 in
392 4461 530 4517 ‘Zeitscism
549 4462 572 4526 ί.
585 4463 727 4516 Deutsciscs
744 4463 809 4517 Ale!
821 4463 872 4528 IX,
887 4479 917 4530 p.
931 4465 972 4520 66.
991 4469 1155 4518 emmaum.
1188 4461 1216 4514 0.
1232 4460 1332 4524 Hister
