3136 4990
273 1339 540 1424 ANNALES
571 1339 1032 1436 ERPHORDENSES
1064 1339 1341 1427 FRATRUM

556 1491 1065 1578 PRAEDIOATORUM.

362 1679 497 1764 Sammo
520 1699 685 1764 dolendum
714 1705 771 1778 cst,
796 1701 880 1781 quod
907 1699 986 1764 libor
1009 1700 1208 1766 bibliothecae
1238 1699 1371 1783 capitali

254 1788 450 1869 Mopualioi,
480 1787 536 1870 orci
565 1788 621 1852 boa
643 1788 789 1852 Annales
811 1789 1053 1870 Erpbordeusee
1082 1789 1267 1868 continebat,
1299 1810 1370 1853 cum

252 1877 359 1944 mullis
381 1877 458 1942 aliis
479 1877 637 1943 codicibus
658 1899 689 1941 a.
706 1883 800 1940 1792.
824 1875 861 1941 iu
877 1877 1036 1942 obsidione
1050 1879 1141 1944 orbis
1156 1877 1393 1959 Mopualiooes

253 1965 395 2045 infausto
425 1987 501 2032 cocu
532 1965 678 2030 inccndio
711 1967 885 2031 combuelas
915 1966 966 2030 sil.
1013 1967 1065 2032 De
1096 1987 1156 2048 quo
1186 1967 1266 2031 libro
1297 1966 1368 2031 Vol.

253 2055 350 2120 Ferri.
385 2059 423 2121 cle
461 2054 630 2135 Gudeorcs,
670 2053 774 2120 Codex
807 2054 933 2136 diplom.
970 2055 997 2120 I
1031 2052 1217 2136 (Gottingae
1255 2057 1366 2138 1743),

247 2165 282 2225 p.
296 2150 358 2208 516
371 2166 436 2226 sp:
458 2144 686 2220 Annuntiare,
710 2143 766 2224 cil,
791 2144 856 2208 hoc
880 2144 956 2208 loco
972 2147 1146 2223 convenit,
1168 2145 1269 2228 quod,
1290 2166 1368 2209 cum

252 2255 343 2298 anno
355 2234 398 2298 ab
411 2234 514 2298 editis
521 2234 649 2298 Rerum
658 2234 958 2317 Magantiacarum
970 2234 1204 2299 voluminibus
1216 2238 1364 2319 postero,

252 2318 361 2404 (1723)
390 2323 470 2386 Rmi
502 2322 647 2405 capituli
675 2322 935 2406 metropolitani
965 2322 1221 2396 bibliothecam,
1250 2343 1404 2386 manu-ro

251 2412 388 2496 scriptis
404 2412 497 2475 omni
513 2432 554 2476 ex
570 2431 695 2493 genere
712 2411 846 2494 copiose
861 2411 1077 2488 instructam,
1098 2412 1248 2477 adeundi
1266 2411 1365 2476 nobis

253 2501 393 2564 daretur
415 2500 559 2573 occasio,
584 2498 763 2563 codicillus
781 2500 1060 2565 membranaceus
1083 2501 1233 2585 optimae
1249 2505 1363 2571 notae,

252 2589 411 2671 idemque
452 2588 560 2652 seculi
591 2588 694 2650 XIII.
730 2589 936 2671 scripturam
976 2590 1144 2666 referens,
1183 2589 1368 2674 prensandi

253 2678 371 2741 avidas
404 2677 441 2740 in
476 2697 597 2740 manus
629 2677 807 2741 inciderit:
843 2676 953 2756 Quem
988 2677 1083 2742 illico
1119 2677 1366 2763 persolventes,

254 2766 363 2850 primo
390 2766 509 2830 statim
539 2766 671 2828 intuitu
700 2769 772 2829 tam
803 2766 905 2849 plane
935 2767 1112 2851 praeclara
1142 2770 1177 2832 et
1199 2766 1405 2831 notabilium

254 2875 327 2920 sese
361 2855 578 2930 obtulerunt,
612 2855 656 2918 ad
690 2855 915 2918 illustrandas
951 2856 1285 2940 archiepiscoporum
1320 2855 1368 2920 Si·

253 2943 337 3007 fridi
353 2943 423 3014 ΙΙΙ,
449 2943 638 3007 Christiani
653 2943 703 3007 ΙΙ.
728 2947 763 3008 et
788 2941 957 3008 Gerhardi
974 2944 1003 3007 Ι.
1027 2965 1080 3010 ras
1104 2948 1219 3029 gestas
1241 2945 1368 3010 facien·

254 3033 313 3108 tia,
337 3037 378 3096 ut
395 3032 581 3097 dolendum
601 3033 655 3104 sit.
676 3032 807 3096 nullam
832 3032 974 3097 latentis
989 3034 1145 3098 thesauri
1163 3034 1263 3097 istius
1281 3034 1368 3097 noti-

252 3122 339 3185 tiam
354 3121 460 3186 fuisse
484 3125 578 3198 tunc,
602 3123 739 3204 quando
755 3121 920 3187 historica
935 3121 1155 3186 laudatorum
1172 3123 1368 3206 praesulum

253 3211 345 3276 ritae
367 3211 520 3274 narratio
548 3211 805 3275 instituebatur.
824 3257 831 3271 .
849 3257 884 3272 ..
915 3209 1059 3275 Orditur
1082 3215 1199 3275 autem
1222 3211 1405 3295 scriptore

253 3319 448 3452 llll:
476 3299 1138 3466 llllaahlllloaliialiiilill
1164 3298 1369 3465 miselli?

252 3477 336 3556 coco
366 3477 400 3541 V.
425 3477 467 3541 F.
492 3478 529 3540 do
557 3475 718 3557 Galenus,
747 3475 851 3541 (lodan
874 3475 951 3558 dipl
976 3476 1028 3555 II,
1055 3499 1089 3558 p.
1107 3481 1182 3539 597.
1206 3475 1242 3540 in
1266 3475 1369 3542 codice

253 3563 452 3630 bibliothecae
479 3565 611 3646 capitali
640 3563 827 3646 Mopautiai
858 3567 915 3630 eub
943 3585 994 3629 ur.
1017 3564 1184 3630 CXXIV.
1216 3563 1369 3646 descripto

253 3651 390 3718 eclilrme
411 3653 539 3736 sculpsit
551 3655 571 3734 ²,
595 3656 650 3718 sed
671 3653 754 3718 tanc
776 3653 892 3718 libram
915 3675 1066 3735 moyerem
1084 3654 1289 3736 amplumque,
1313 3652 1405 3734 quiae

252 3741 351 3805 mealia
381 3742 584 3823 continuerit,
616 3741 808 3822 maiorisque
836 3742 983 3821 formae³
1013 3742 1115 3822 fecisse
1140 3748 1241 3824 polet,
1273 3744 1370 3806 codex

252 3849 324 3893 vero
350 3829 462 3894 bocum
489 3831 666 3912 canalium,
697 3852 787 3912 quero
817 3831 853 3894 V.
877 3831 919 3895 F.
944 3833 981 3896 de
1009 3831 1162 3896 Grcdeoua
1192 3829 1369 3896 codicillum

253 3917 378 3998 dicerit,
396 3939 521 4000 porcus
537 3919 698 4002 bonisque
713 3920 814 3998 foisse
829 3939 927 4002 acque
943 3919 1036 3984 alicui
1049 3919 1221 4001 quidquam
1239 3925 1370 4002 praeter·

252 4005 308 4070 bos
330 4007 464 4072 conclea
494 4007 683 4073 continuisse
712 4009 845 4074 videtur.
893 4008 931 4074 Si
952 4008 1052 4090 ibitur
1079 4007 1259 4074 Chronicon
1288 4008 1371 4072 illud

251 4095 423 4160 miscellam
438 4096 539 4161 oliam
562 4095 698 4161 libellum
713 4097 813 4176 fuisse
830 4103 990 4180 prolocuta,
1015 4096 1132 4161 mirum
1148 4097 1272 4179 quidem
1287 4096 1406 4161 vicicco

253 4289 279 4355 1)
298 4288 346 4344 SS.
358 4287 434 4340 XXI
436 4289 465 4354 V,
483 4307 510 4356 p.
526 4289 589 4355 819,
608 4305 634 4342 u.
650 4290 672 4343 1.
705 4289 786 4352 Qun
803 4295 904 4342 meatim
921 4305 980 4340 eam
999 4289 1042 4343 ‘N.
1057 4289 1172 4340 Arcbio'
1184 4288 1248 4353 XX,
1263 4305 1294 4356 p.
1307 4289 1367 4342 620.

250 4361 279 4428 2)
297 4359 345 4410 Ex
362 4375 413 4427 quo
435 4361 464 4414 V.
484 4361 516 4414 F.
536 4359 567 4411 dc
586 4360 714 4412 Galim
731 4360 884 4412 Historiam
902 4361 1002 4412 brem
1021 4361 1178 4427 principum
1201 4359 1369 4424 murenulae

252 4429 285 4485 ib.
300 4447 330 4498 p.
344 4433 396 4487 598
409 4447 464 4498 sqq.
483 4431 573 4485 amic.
646 4433 673 4498 3)
690 4430 806 4485 membr.
825 4431 853 4483 in
871 4434 896 4486 4.
916 4431 988 4482 dieu
1006 4431 1037 4484 cle
1057 4431 1191 4484 Gadcmua.
