3130 4990
203 474 384 532 saumas
402 475 592 531 ERPHORD.
612 475 804 531 FRATRUM
821 474 1163 532 PRAEDIOATORUM.
1209 479 1244 533 95

133 659 272 742 corporis
288 659 443 736 Domini,
468 669 507 723 ut
530 659 667 736 dicitur,
691 660 729 722 in
752 659 987 744 pavimentum
1012 659 1156 743 dispersi
1178 676 1332 730 ne01238.

131 767 193 812 non
214 748 319 813 etiam
345 749 568 814 ecclesiarum
591 748 752 826 incendii,
785 753 885 812 luctus
913 747 1018 811 dolore
1039 747 1360 829 intrinsecasseacc.

132 856 166 900 ac
193 857 293 921 super
324 838 380 901 his
411 837 599 902 Dominum
634 837 772 922 placare
803 837 978 920 cogitavit.
1025 835 1244 921 Quapropter

130 945 246 1008 magna
269 927 452 990 hominum
477 927 704 991 multitudine
726 927 764 989 in
787 926 879 990 festo
899 925 1133 1010 apostolorum
1148 927 1244 991 Petri
1253 950 1341 993 russo.

112 1017 161 1077 set
175 1014 274 1078 Pauli
297 1016 336 1079 in
352 1017 509 1100 predicta
533 1016 674 1080 civitate
691 1018 909 1100 congregata,
935 1015 1049 1079 dictus
1065 1015 1243 1079 Oonradus

131 1123 200 1166 cum
229 1104 308 1168 aliis
341 1105 475 1168 duobus
506 1105 560 1168 sui
590 1104 720 1169 ordinis
749 1103 982 1168 confratribus
1011 1105 1050 1166 in
1072 1103 1148 1168 loco
1172 1125 1244 1188 pre·

131 1191 306 1256 dicationis
330 1213 367 1258 sc
391 1214 518 1258 exuens
542 1214 583 1256 ac
605 1193 788 1258 vilissimos
811 1213 927 1257 saccos
951 1194 1042 1257 circa
1063 1192 1245 1257 femoralia

131 1280 190 1344 sibi
212 1283 441 1358 circumdans,
467 1303 508 1347 ex
533 1303 590 1347 ore
614 1283 840 1366 predicatoris
868 1283 911 1346 ab
935 1281 1094 1346 omnibus
1118 1283 1155 1345 iu
1178 1281 1243 1346 hoc

131 1368 197 1433 loco
220 1392 282 1455 per
306 1392 387 1436 eum
410 1371 491 1436 lesis
507 1372 642 1436 veniam
667 1371 800 1455 petivit.
837 1371 920 1435 Post
943 1373 1007 1436 hec
1032 1375 1148 1435 autem
1172 1391 1244 1455 pre·

101 1457 189 1522 ufati
210 1461 364 1525 tresviri
388 1460 522 1524 nobiles
544 1460 632 1524 nudi
653 1461 691 1523 in
714 1461 929 1545 processione
952 1461 1162 1534 incedentes,
1186 1461 1244 1523 tri·

130 1546 188 1611 bus
209 1548 449 1614 sacerdotibus
473 1570 551 1613 cum
580 1549 691 1633 scopis
721 1549 813 1633 ipsos
841 1548 1064 1632 sequentibus
1087 1552 1124 1614 et
1147 1549 1244 1614 disci·

130 1635 301 1718 plinaliter
325 1637 587 1721 corrigentibus,
613 1639 859 1702 monasterium
874 1657 983 1721 usque
1002 1642 1242 1722 pervenerunt,

129 1725 237 1809 ibique
272 1727 545 1792 misericordiam
580 1727 732 1790 divinam
766 1727 947 1791 humiliter
981 1748 1059 1791 curn
1093 1727 1244 1792 lacrimis

130 1820 320 1890 exorantes,
351 1817 461 1880 frater
492 1815 674 1880 Ounradus
704 1837 765 1900 pro
796 1836 895 1899 posse
925 1837 1069 1880 munera
1099 1817 1243 1881 devotus
1284 1881 1287 1886 .

102 1903 266 1982 uobtulit,
304 1905 391 1968 alias
427 1904 589 1969 ecclesias
621 1905 779 1969 incensas
814 1905 934 1968 eodem
968 1906 1070 1969 modo
1100 1905 1244 1969 visitans

131 1991 278 2058 honestis
294 1993 496 2058 muneribus
513 1994 696 2058 honoravit
707 1993 731 2070 1;
756 1994 873 2076 sicque
888 1997 1101 2058 revertentes
1118 1995 1162 2058 ad
1179 1997 1243 2058 sta·

131 2080 263 2159 tionem,
288 2083 325 2146 iu
348 2083 458 2167 ipsius
480 2083 600 2146 fratris
619 2081 773 2147 Ouuradi
796 2103 937 2166 corpore
960 2103 1030 2146 non
1053 2083 1153 2166 signa
1174 2104 1244 2148 ver·

131 2167 244 2235 berum
265 2172 495 2248 sacerdotum,
519 2172 580 2236 sed
596 2172 795 2236 carnificum
820 2175 1096 2256 comparuerunt.
1132 2170 1244 2250 Quan-

131 2260 200 2322 tum
222 2267 340 2328 autem
364 2260 584 2324 lacrimarum
607 2261 682 2344 ipso
699 2261 754 2325 die
778 2260 908 2325 ibidem
932 2282 953 2324 a
975 2260 1104 2345 populo
1126 2260 1244 2324 fusum

103 2347 181 2423 nsit,
204 2350 297 2414 solus
320 2349 382 2414 ille
405 2348 502 2414 novit
525 2350 585 2431 qui
608 2350 713 2413 corda
735 2350 965 2428 contritorum
988 2350 1166 2434 ponderat.

230 2439 331 2504 Ηοοει
351 2459 442 2503 anno
458 2439 575 2502 XVII.
592 2438 671 2502 Kal.
688 2439 890 2504 Decembris
906 2439 1134 2522 Maguntiuus
1153 2439 1244 2503 dam·
1255 2462 1310 2502 rav.
1319 2461 1354 2502 1⁵.

133 2546 209 2590 uum
231 2528 305 2592 fere
328 2526 596 2611 irrecuperabile
620 2531 656 2592 et
678 2528 847 2591 iacturam
866 2529 1102 2611 gravissimam
1119 2528 1244 2612 episco-

133 2621 228 2697 patus
257 2618 293 2680 in
322 2617 427 2680 castri
448 2609 660 2681 Rustebercb
688 2616 870 2682 amissione
899 2617 1024 2682 fuisset
1054 2637 1182 2701 passus,
1215 2618 1243 2680 si

135 2707 249 2769 merita
278 2706 374 2771 beati
404 2705 548 2769 Martini
579 2726 649 2769 non
679 2706 956 2770 intervenissent.
1002 2705 1093 2770 Nam
1121 2706 1243 2770 Henri-

105 2799 206 2857 aeus⁰
239 2794 436 2880 prepositus
470 2789 820 2878 Heiligeustateusis‘l
854 2798 1082 2879 congregata⁰
1118 2795 1244 2858 militia

135 2877 361 2966 Hpnricumlf
388 2884 548 2947 comitem
574 2884 616 2948 de
640 2883 823 2960 Glichenss,
855 2884 940 2948 dicti
970 2884 1075 2948 castri
1104 2884 1244 2948 fraudu·

135 2968 258 3036 lentum
281 2973 484 3049 invasorem,
508 2972 649 3038 favente
667 2973 784 3037 divina
799 2974 913 3056 gratia
928 2973 1020 3056 cepit
1037 2993 1076 3037 ae
1093 2976 1243 3036 castrum

135 3079 332 3146 recuperans
356 3062 503 3126 eundem
526 3061 564 3124 in
587 3062 707 3126 eodem
731 3061 878 3126 vinculis
900 3063 1031 3126 iniecit.

231 3150 310 3214 Hoc
334 3171 425 3214 anno
448 3151 485 3213 iu
504 3151 705 3235 episcopatu
721 3143 1030 3235 Meydeburgensih
1050 3143 1159 3233 quod¹
1183 3170 1245 3233 per

108 3233 285 3304 wilberti¹¹
311 3239 479 3323 prepositi
507 3239 787 3304 interfectionem
816 3240 906 3305 male
936 3241 1143 3305 seminatum
1172 3238 1245 3303 fue·

136 3329 203 3391 rat²
224 3330 312 3394 adeo
336 3328 481 3412 pessime
508 3328 705 3413 pullulavit,
729 3332 770 3392 ut
794 3329 884 3393 cives
907 3319 1240 3412 Meydeburgensesh

138 3417 284 3498 pontifici
314 3437 355 3480 ac
385 3418 525 3481 domino
560 3418 644 3482 suo³
673 3437 709 3482 se
733 3419 990 3482 contumaciter
1019 3419 1242 3501 opponerent,

72 3503 238 3588 'seipsum
269 3505 374 3570 armis
398 3506 532 3571 bellicis
561 3507 807 3590 impugnando.
853 3507 926 3571 Nec
949 3506 1015 3569 hac
1040 3505 1269 3590 'pertinacia-

137 3596 292 3673 contenti,
318 3615 436 3660 omues
463 3596 640 3679 religiosos
670 3617 710 3660 ac
741 3595 892 3668 clericos,
923 3593 1109 3659 nonnullos
1139 3595 1244 3658 etiam

109 3703 294 3769 upauperes
318 3683 362 3748 ab
385 3685 471 3756 urbe
494 3685 735 3769 propellentes,
766 3684 853 3748 iram
876 3683 1001 3748 summi
1030 3683 1155 3747 iudicis
1178 3683 1244 3746 sibi

135 3775 263 3854 gravim
287 3773 611 3850 accumulaverunt;
636 3775 727 3838 hanc
742 3777 860 3838 tamen
877 3773 998 3837 eodem
1018 3793 1109 3836 auno
1126 3777 1242 3837 contu-

133 3979 214 4030 sltuce
227 3983 281 4026 -1.
296 3983 330 4026 28.
347 3983 411 4021 tutet
425 3983 536 4032 spada,
555 3981 691 4022 nesseden
704 3993 725 4026 a.
791 3980 814 4032 b)
830 3981 970 4023 Rmtsnbcrc
985 3985 1003 4027 1.
1071 3981 1163 4034 0)Μῖ
1182 3983 1203 4027 h,
1217 3983 1245 4030 l„-

134 4033 204 4078 uam.
216 4039 235 4079 1.
304 4034 328 4086 d)
342 4035 556 4088 Hclligcnstadeuals
571 4039 589 4079 1.
653 4035 674 4086 c)
688 4047 761 4084 congr.
775 4035 821 4079 mil.
835 4047 876 4079 ma.
890 4038 909 4078 1.
976 4037 1036 4086 on.
1050 4037 1074 4088 Ως
1089 4037 1211 4077 Haurioum
1226 4038 1244 4079 1.

134 4087 264 4140 sldlycbcn
278 4093 299 4134 1.
354 4087 378 4140 b)
391 4089 551 4141 Mcydsnburg.
566 4091 586 4132 1.
647 4089 664 4140 l)
677 4091 748 4140 suppl.
762 4091 837 4138 Perta·
855 4101 896 4134 cm.
911 4091 929 4134 l.
989 4089 1013 4143 k)
1027 4091 1077 4130 huic
1090 4091 1136 4130 cccl
1148 4092 1244 4141 specim

105 4141 217 4182 mmmm
229 4145 269 4188 rel.
283 4145 304 4193 1,
318 4154 384 4192 quam
397 4144 467 4193 suppl.
480 4143 594 4187 naama.

137 4319 159 4378 1)
177 4319 217 4384 Of.
229 4321 301 4386 Ss'fr.
314 4321 347 4372 de
359 4321 513 4373 Bulnbum'a
531 4337 552 4377 c.
567 4322 627 4389 199,
647 4321 694 4375 SS.
708 4321 801 4387 XXV,
817 4339 846 4390 p.
860 4325 929 4383 703,·
948 4322 1028 4376 Grcn.
1049 4319 1244 4373 santarem.

137 4393 248 4516 ἓξὲξ,
268 4393 319 4444 ss.
337 4391 432 4459 xxx,
451 4409 480 4460 p.
493 4395 553 4448 en.
626 4395 654 4460 a)
673 4393 766 4461 cupra
783 4410 809 4448 a.
828 4395 906 4459 raas,
923 4411 951 4461 ρ.
971 4395 1005 4448 aa
1017 4409 1055 4460 a.
1128 4392 1156 4458 a)
1179 4391 1246 4442 We
