<?xml version="1.0" encoding="UTF-8"?>
<!DOCTYPE html PUBLIC "-//W3C//DTD XHTML 1.0 Transitional//EN"
    "http://www.w3.org/TR/xhtml1/DTD/xhtml1-transitional.dtd">
<html xmlns="http://www.w3.org/1999/xhtml" xml:lang="en" lang="en">
 <head>
  <title>
</title>
<meta http-equiv="Content-Type" content="text/html;charset=utf-8" />
  <meta name='ocr-system' content='tesseract 3.04.00' />
  <meta name='ocr-capabilities' content='ocr_page ocr_carea ocr_par ocr_line ocrx_word'/>
</head>
<body>
  <div class='ocr_page' id='page_1' title='image "./monumentaerphes00monagoog_0530.png"; bbox 0 0 3214 4990; ppageno 0'>
   <div class='ocr_carea' id='block_1_1' title="bbox 302 458 1021 532">
    <p class='ocr_par' dir='ltr' id='par_1_1' title="bbox 302 458 1021 532">
     <span class='ocr_line' id='line_1_1' title="bbox 302 458 1021 532; baseline -0.006 0"><span class='ocrx_word' id='word_1_1' title='bbox 302 475 358 532; x_wconf 77' lang='lat'><strong><em>520</em></strong></span> <span class='ocrx_word' id='word_1_2' title='bbox 701 469 868 528; x_wconf 82' lang='lat' dir='ltr'><em>ORONIOA</em></span> <span class='ocrx_word' id='word_1_3' title='bbox 886 458 1021 528; x_wconf 73' lang='lat' dir='ltr'><strong><em>mos.</em></strong></span> 
     </span>
    </p>
   </div>
   <div class='ocr_carea' id='block_1_2' title="bbox 302 653 1423 1004">
    <p class='ocr_par' dir='ltr' id='par_1_2' title="bbox 302 653 1423 1004">
     <span class='ocr_line' id='line_1_2' title="bbox 303 653 1421 739; baseline -0.003 -18"><span class='ocrx_word' id='word_1_4' title='bbox 303 655 428 739; x_wconf 77' lang='lat' dir='ltr'><strong><em>quiores</em></strong></span> <span class='ocrx_word' id='word_1_5' title='bbox 456 654 541 720; x_wconf 91' lang='lat' dir='ltr'><strong><em>inter</em></strong></span> <span class='ocrx_word' id='word_1_6' title='bbox 568 676 601 720; x_wconf 86' lang='lat' dir='ltr'><strong><em>se</em></strong></span> <span class='ocrx_word' id='word_1_7' title='bbox 633 654 781 720; x_wconf 64' lang='lat' dir='ltr'><strong><em>milentur</em></strong></span> <span class='ocrx_word' id='word_1_8' title='bbox 809 673 904 736; x_wconf 78' lang='lat' dir='ltr'><strong><em>quam</em></strong></span> <span class='ocrx_word' id='word_1_9' title='bbox 938 674 1007 720; x_wconf 84' lang='lat' dir='ltr'><strong><em>oum</em></strong></span> <span class='ocrx_word' id='word_1_10' title='bbox 1036 653 1116 719; x_wconf 89' lang='grc' dir='ltr'><strong><em>Β4.</em></strong></span> <span class='ocrx_word' id='word_1_11' title='bbox 1133 659 1162 718; x_wconf 84' lang='grc'><strong><em>5.</em></strong></span> <span class='ocrx_word' id='word_1_12' title='bbox 1181 659 1236 735; x_wconf 77' lang='lat'><strong><em>5⁸,</em></strong></span> <span class='ocrx_word' id='word_1_13' title='bbox 1271 653 1332 718; x_wconf 87' lang='lat' dir='ltr'><strong><em>alii</em></strong></span> <span class='ocrx_word' id='word_1_14' title='bbox 1364 653 1421 719; x_wconf 90' lang='lat' dir='ltr'><strong><em>nbi</em></strong></span> 
     </span>
     <span class='ocr_line' id='line_1_3' title="bbox 302 741 1420 825; baseline -0.003 -16"><span class='ocrx_word' id='word_1_15' title='bbox 302 743 383 809; x_wconf 81' lang='lat' dir='ltr'><strong><em>Rs.</em></strong></span> <span class='ocrx_word' id='word_1_16' title='bbox 400 750 492 809; x_wconf 80' lang='lat'><strong><em>2·.3</em></strong></span> <span class='ocrx_word' id='word_1_17' title='bbox 523 765 593 810; x_wconf 87' lang='lat' dir='ltr'><strong><em>aum</em></strong></span> <span class='ocrx_word' id='word_1_18' title='bbox 621 741 701 807; x_wconf 81' lang='lat' dir='ltr'><strong><em>B4.</em></strong></span> <span class='ocrx_word' id='word_1_19' title='bbox 718 749 747 807; x_wconf 81' lang='lat'><strong><em>5.</em></strong></span> <span class='ocrx_word' id='word_1_20' title='bbox 765 748 808 808; x_wconf 81' lang='lat'><strong><em>5·</em></strong></span> <span class='ocrx_word' id='word_1_21' title='bbox 837 741 940 825; x_wconf 84' lang='lat' dir='ltr'><strong><em>mapis</em></strong></span> <span class='ocrx_word' id='word_1_22' title='bbox 969 741 1134 808; x_wconf 83' lang='lat' dir='ltr'><strong><em>convenire</em></strong></span> <span class='ocrx_word' id='word_1_23' title='bbox 1162 741 1319 824; x_wconf 75' lang='lat' dir='ltr'><strong><em>minutor,</em></strong></span> <span class='ocrx_word' id='word_1_24' title='bbox 1349 742 1420 823; x_wconf 88' lang='lat' dir='ltr'><strong><em>alii,</em></strong></span> 
     </span>
     <span class='ocr_line' id='line_1_4' title="bbox 303 830 1423 916; baseline -0.003 -17"><span class='ocrx_word' id='word_1_25' title='bbox 303 854 341 899; x_wconf 80' lang='lat' dir='ltr'><strong><em>ea</em></strong></span> <span class='ocrx_word' id='word_1_26' title='bbox 370 832 483 916; x_wconf 75' lang='lat' dir='ltr'><strong><em>quina</em></strong></span> <span class='ocrx_word' id='word_1_27' title='bbox 510 832 666 899; x_wconf 81' lang='lat' dir='ltr'><strong><em>amiseras</em></strong></span> <span class='ocrx_word' id='word_1_28' title='bbox 691 831 726 897; x_wconf 90' lang='lat' dir='ltr'><em>B</em></span> <span class='ocrx_word' id='word_1_29' title='bbox 740 838 770 897; x_wconf 86' lang='lat'><strong><em>5.</em></strong></span> <span class='ocrx_word' id='word_1_30' title='bbox 789 837 830 896; x_wconf 79' lang='lat'><strong><em>5⁸</em></strong></span> <span class='ocrx_word' id='word_1_31' title='bbox 850 830 1018 913; x_wconf 77' lang='lat' dir='ltr'><em>propiores</em></span> <span class='ocrx_word' id='word_1_32' title='bbox 1047 852 1112 897; x_wconf 84' lang='lat' dir='ltr'><strong><em>esse</em></strong></span> <span class='ocrx_word' id='word_1_33' title='bbox 1134 831 1169 896; x_wconf 91' lang='lat' dir='ltr'><em>D</em></span> <span class='ocrx_word' id='word_1_34' title='bbox 1198 850 1293 913; x_wconf 78' lang='lat' dir='ltr'><strong><em>qnam</em></strong></span> <span class='ocrx_word' id='word_1_35' title='bbox 1319 831 1423 896; x_wconf 84' lang='lat' dir='ltr'><strong><em>eadiai</em></strong></span> 
     </span>
     <span class='ocr_line' id='line_1_5' title="bbox 302 919 1422 1004; baseline -0.003 -17"><span class='ocrx_word' id='word_1_36' title='bbox 302 921 378 1004; x_wconf 74' lang='lat' dir='ltr'><strong><em>Bt,</em></strong></span> <span class='ocrx_word' id='word_1_37' title='bbox 403 923 458 987; x_wconf 84' lang='lat' dir='ltr'><strong><em>sed</em></strong></span> <span class='ocrx_word' id='word_1_38' title='bbox 479 921 556 987; x_wconf 89' lang='lat' dir='ltr'><strong><em>aliis</em></strong></span> <span class='ocrx_word' id='word_1_39' title='bbox 578 920 655 986; x_wconf 83' lang='lat' dir='ltr'><strong><em>loeis</em></strong></span> <span class='ocrx_word' id='word_1_40' title='bbox 676 920 753 986; x_wconf 85' lang='lat' dir='ltr'><strong><em>bees</em></strong></span> <span class='ocrx_word' id='word_1_41' title='bbox 774 921 994 1003; x_wconf 89' lang='lat' dir='ltr'><strong><em>reprobantur.</em></strong></span> <span class='ocrx_word' id='word_1_42' title='bbox 1046 919 1181 986; x_wconf 81' lang='lat' dir='ltr'><strong><em>Oeuseas</em></strong></span> <span class='ocrx_word' id='word_1_43' title='bbox 1203 926 1321 1001; x_wconf 77' lang='lat' dir='ltr'><em>oportet</em></span> <span class='ocrx_word' id='word_1_44' title='bbox 1342 920 1422 985; x_wconf 86' lang='lat' dir='ltr'><strong><em>tales</em></strong></span> 
     </span>
    </p>
   </div>
   <div class='ocr_carea' id='block_1_3' title="bbox 297 1007 1459 2867">
    <p class='ocr_par' dir='ltr' id='par_1_3' title="bbox 297 1007 1459 1892">
     <span class='ocr_line' id='line_1_6' title="bbox 303 1007 1452 1092; baseline -0.003 -15"><span class='ocrx_word' id='word_1_45' title='bbox 303 1010 522 1077; x_wconf 86' lang='lat' dir='ltr'><strong><em>consensiones</em></strong></span> <span class='ocrx_word' id='word_1_46' title='bbox 539 1009 672 1090; x_wconf 83' lang='lat' dir='ltr'><strong><em>fortuito</em></strong></span> <span class='ocrx_word' id='word_1_47' title='bbox 694 1009 855 1075; x_wconf 85' lang='lat' dir='ltr'><strong><em>aeoidisse.</em></strong></span> <span class='ocrx_word' id='word_1_48' title='bbox 892 1009 1020 1090; x_wconf 78' lang='lat' dir='ltr'><strong><em>Semper</em></strong></span> <span class='ocrx_word' id='word_1_49' title='bbox 1034 1031 1185 1092; x_wconf 61' lang='lat' dir='ltr'><strong><em>magnum</em></strong></span> <span class='ocrx_word' id='word_1_50' title='bbox 1199 1008 1265 1088; x_wconf 81' lang='lat' dir='ltr'><strong><em>fuit</em></strong></span> <span class='ocrx_word' id='word_1_51' title='bbox 1286 1007 1452 1074; x_wconf 82' lang='lat' dir='ltr'><strong><em>liberums</em></strong></span> 
     </span>
     <span class='ocr_line' id='line_1_7' title="bbox 303 1096 1421 1178; baseline -0.003 -14"><span class='ocrx_word' id='word_1_52' title='bbox 303 1099 473 1166; x_wconf 75' lang='lat' dir='ltr'><strong><em>arbitrium</em></strong></span> <span class='ocrx_word' id='word_1_53' title='bbox 494 1097 673 1164; x_wconf 87' lang='lat' dir='ltr'><strong><em>soribarnm</em></strong></span> <span class='ocrx_word' id='word_1_54' title='bbox 694 1097 731 1163; x_wconf 89' lang='lat' dir='ltr'><strong><em>in</em></strong></span> <span class='ocrx_word' id='word_1_55' title='bbox 746 1097 863 1162; x_wconf 78' lang='lat' dir='ltr'><strong><em>talibus</em></strong></span> <span class='ocrx_word' id='word_1_56' title='bbox 885 1097 998 1162; x_wconf 77' lang='lat' dir='ltr'><strong><em>libellis</em></strong></span> <span class='ocrx_word' id='word_1_57' title='bbox 1012 1096 1234 1178; x_wconf 74' lang='lat' dir='ltr'><strong><em>describendis,</em></strong></span> <span class='ocrx_word' id='word_1_58' title='bbox 1259 1096 1421 1162; x_wconf 78' lang='lat' dir='ltr'><strong><em>licentiam</em></strong></span> 
     </span>
     <span class='ocr_line' id='line_1_8' title="bbox 302 1185 1421 1268; baseline -0.002 -14"><span class='ocrx_word' id='word_1_59' title='bbox 302 1188 366 1255; x_wconf 90' lang='lat' dir='ltr'><strong><em>sibi</em></strong></span> <span class='ocrx_word' id='word_1_60' title='bbox 387 1187 577 1253; x_wconf 85' lang='lat' dir='ltr'><strong><em>sumentium</em></strong></span> <span class='ocrx_word' id='word_1_61' title='bbox 598 1185 745 1252; x_wconf 82' lang='lat' dir='ltr'><strong><em>mutandi</em></strong></span> <span class='ocrx_word' id='word_1_62' title='bbox 767 1187 850 1268; x_wconf 80' lang='lat' dir='ltr'><strong><em>quod</em></strong></span> <span class='ocrx_word' id='word_1_63' title='bbox 865 1186 1038 1268; x_wconf 84' lang='lat' dir='ltr'><strong><em>noluerunt,</em></strong></span> <span class='ocrx_word' id='word_1_64' title='bbox 1061 1185 1167 1252; x_wconf 89' lang='lat' dir='ltr'><strong><em>maius</em></strong></span> <span class='ocrx_word' id='word_1_65' title='bbox 1189 1185 1285 1251; x_wconf 78' lang='lat' dir='ltr'><strong><em>etiam</em></strong></span> <span class='ocrx_word' id='word_1_66' title='bbox 1306 1186 1344 1250; x_wconf 93' lang='lat' dir='ltr'><strong><em>in</em></strong></span> <span class='ocrx_word' id='word_1_67' title='bbox 1362 1187 1421 1252; x_wconf 85' lang='lat' dir='ltr'><strong><em>boa</em></strong></span> 
     </span>
     <span class='ocr_line' id='line_1_9' title="bbox 303 1273 1418 1360; baseline -0.002 -18"><span class='ocrx_word' id='word_1_68' title='bbox 303 1276 458 1360; x_wconf 72' lang='lat' dir='ltr'><strong><em>opusama</em></strong></span> <span class='ocrx_word' id='word_1_69' title='bbox 489 1275 544 1341; x_wconf 89' lang='lat' dir='ltr'><strong><em>ubi</em></strong></span> <span class='ocrx_word' id='word_1_70' title='bbox 567 1274 750 1357; x_wconf 74' lang='lat' dir='ltr'><strong><em>saepissime</em></strong></span> <span class='ocrx_word' id='word_1_71' title='bbox 772 1277 897 1341; x_wconf 83' lang='lat' dir='ltr'><strong><em>eaedem</em></strong></span> <span class='ocrx_word' id='word_1_72' title='bbox 918 1274 987 1355; x_wconf 80' lang='lat' dir='ltr'><strong><em>fere</em></strong></span> <span class='ocrx_word' id='word_1_73' title='bbox 1009 1273 1181 1340; x_wconf 84' lang='lat' dir='ltr'><strong><em>sententiae</em></strong></span> <span class='ocrx_word' id='word_1_74' title='bbox 1203 1276 1418 1356; x_wconf 72' lang='lat' dir='ltr'><strong><em>recurrebant,</em></strong></span> 
     </span>
     <span class='ocr_line' id='line_1_10' title="bbox 302 1361 1421 1445; baseline -0.004 -14"><span class='ocrx_word' id='word_1_75' title='bbox 302 1368 387 1432; x_wconf 80' lang='lat' dir='ltr'><strong><em>unde</em></strong></span> <span class='ocrx_word' id='word_1_76' title='bbox 408 1365 517 1445; x_wconf 84' lang='lat' dir='ltr'><strong><em>evenit,</em></strong></span> <span class='ocrx_word' id='word_1_77' title='bbox 540 1371 576 1430; x_wconf 89' lang='lat' dir='ltr'><strong><em>nt</em></strong></span> <span class='ocrx_word' id='word_1_78' title='bbox 597 1363 719 1430; x_wconf 76' lang='lat' dir='ltr'><strong><em>scribae</em></strong></span> <span class='ocrx_word' id='word_1_79' title='bbox 744 1365 871 1430; x_wconf 83' lang='lat' dir='ltr'><strong><em>uerbum</em></strong></span> <span class='ocrx_word' id='word_1_80' title='bbox 893 1365 977 1445; x_wconf 81' lang='lat' dir='ltr'><strong><em>qnod</em></strong></span> <span class='ocrx_word' id='word_1_81' title='bbox 1003 1361 1104 1428; x_wconf 86' lang='lat' dir='ltr'><strong><em>simili</em></strong></span> <span class='ocrx_word' id='word_1_82' title='bbox 1126 1363 1332 1445; x_wconf 74' lang='lat' dir='ltr'><strong><em>praecedente</em></strong></span> <span class='ocrx_word' id='word_1_83' title='bbox 1354 1365 1421 1429; x_wconf 82' lang='lat' dir='ltr'><strong><em>loeo</em></strong></span> 
     </span>
     <span class='ocr_line' id='line_1_11' title="bbox 303 1450 1459 1537; baseline -0.003 -17"><span class='ocrx_word' id='word_1_84' title='bbox 303 1454 455 1537; x_wconf 82' lang='lat' dir='ltr'><strong><em>seriptum</em></strong></span> <span class='ocrx_word' id='word_1_85' title='bbox 469 1460 540 1519; x_wconf 82' lang='lat' dir='ltr'><strong><em>erat</em></strong></span> <span class='ocrx_word' id='word_1_86' title='bbox 553 1459 725 1535; x_wconf 84' lang='lat' dir='ltr'><strong><em>repeterent</em></strong></span> <span class='ocrx_word' id='word_1_87' title='bbox 745 1452 794 1517; x_wconf 89' lang='lat' dir='ltr'><strong><em>oel</em></strong></span> <span class='ocrx_word' id='word_1_88' title='bbox 807 1459 974 1533; x_wconf 89' lang='lat' dir='ltr'><strong><em>mutarent,</em></strong></span> <span class='ocrx_word' id='word_1_89' title='bbox 998 1459 1027 1517; x_wconf 93' lang='lat' dir='ltr'><strong><em>et</em></strong></span> <span class='ocrx_word' id='word_1_90' title='bbox 1048 1451 1123 1517; x_wconf 79' lang='lat' dir='ltr'><strong><em>inde</em></strong></span> <span class='ocrx_word' id='word_1_91' title='bbox 1145 1451 1287 1518; x_wconf 75' lang='lat' dir='ltr'><strong><em>anaidem</em></strong></span> <span class='ocrx_word' id='word_1_92' title='bbox 1303 1450 1459 1534; x_wconf 86' lang='lat' dir='ltr'><strong><em>potuit,1o</em></strong></span> 
     </span>
     <span class='ocr_line' id='line_1_12' title="bbox 303 1539 1420 1625; baseline -0.002 -17"><span class='ocrx_word' id='word_1_93' title='bbox 303 1549 338 1608; x_wconf 91' lang='lat' dir='ltr'><strong><em>ut</em></strong></span> <span class='ocrx_word' id='word_1_94' title='bbox 355 1541 486 1623; x_wconf 82' lang='lat' dir='ltr'><strong><em>fortuita</em></strong></span> <span class='ocrx_word' id='word_1_95' title='bbox 508 1541 564 1625; x_wconf 76' lang='lat' dir='ltr'><strong><em>qui</em></strong></span> <span class='ocrx_word' id='word_1_96' title='bbox 582 1541 710 1607; x_wconf 84' lang='lat' dir='ltr'><strong><em>diversa</em></strong></span> <span class='ocrx_word' id='word_1_97' title='bbox 731 1540 926 1623; x_wconf 79' lang='lat' dir='ltr'><strong><em>exemplaria</em></strong></span> <span class='ocrx_word' id='word_1_98' title='bbox 948 1539 1164 1606; x_wconf 74' lang='lat' dir='ltr'><strong><em>describebant</em></strong></span> <span class='ocrx_word' id='word_1_99' title='bbox 1185 1541 1293 1606; x_wconf 82' lang='lat' dir='ltr'><strong><em>eadem</em></strong></span> <span class='ocrx_word' id='word_1_100' title='bbox 1315 1541 1420 1606; x_wconf 77' lang='lat' dir='ltr'><strong><em>eodan</em></strong></span> 
     </span>
     <span class='ocr_line' id='line_1_13' title="bbox 302 1622 1421 1712; baseline -0.002 -16"><span class='ocrx_word' id='word_1_101' title='bbox 302 1633 393 1696; x_wconf 83' lang='lat' dir='ltr'><strong><em>modo</em></strong></span> <span class='ocrx_word' id='word_1_102' title='bbox 414 1637 583 1696; x_wconf 89' lang='lat' dir='ltr'><strong><em>mutarent.</em></strong></span> <span class='ocrx_word' id='word_1_103' title='bbox 621 1629 735 1696; x_wconf 88' lang='lat' dir='ltr'><strong><em>Omnes</em></strong></span> <span class='ocrx_word' id='word_1_104' title='bbox 757 1630 813 1695; x_wconf 89' lang='lat' dir='ltr'><strong><em>bos</em></strong></span> <span class='ocrx_word' id='word_1_105' title='bbox 835 1629 932 1694; x_wconf 89' lang='lat' dir='ltr'><strong><em>libras</em></strong></span> <span class='ocrx_word' id='word_1_106' title='bbox 947 1636 1079 1712; x_wconf 85' lang='lat' dir='ltr'><strong><em>praeter</em></strong></span> <span class='ocrx_word' id='word_1_107' title='bbox 1100 1622 1189 1695; x_wconf 75' lang='lat'><strong><em>31¹³</em></strong></span> <span class='ocrx_word' id='word_1_108' title='bbox 1216 1629 1284 1711; x_wconf 88' lang='lat' dir='ltr'><strong><em>ipse</em></strong></span> <span class='ocrx_word' id='word_1_109' title='bbox 1304 1629 1421 1695; x_wconf 78' lang='lat' dir='ltr'><strong><em>iterum</em></strong></span> 
     </span>
     <span class='ocr_line' id='line_1_14' title="bbox 304 1717 1420 1802; baseline -0.002 -17"><span class='ocrx_word' id='word_1_110' title='bbox 304 1719 466 1802; x_wconf 74' lang='lat' dir='ltr'><strong><em>asscripsi,</em></strong></span> <span class='ocrx_word' id='word_1_111' title='bbox 490 1719 607 1786; x_wconf 92' lang='lat' dir='ltr'><strong><em>librum</em></strong></span> <span class='ocrx_word' id='word_1_112' title='bbox 628 1719 663 1784; x_wconf 89' lang='lat' dir='ltr'><em>D</em></span> <span class='ocrx_word' id='word_1_113' title='bbox 678 1724 717 1782; x_wconf 81' lang='lat'><strong><em>1·</em></strong></span> <span class='ocrx_word' id='word_1_114' title='bbox 739 1718 843 1785; x_wconf 84' lang='lat' dir='ltr'><strong><em>sosius</em></strong></span> <span class='ocrx_word' id='word_1_115' title='bbox 860 1718 1048 1785; x_wconf 84' lang='lat' dir='ltr'><strong><em>Wilbelmus</em></strong></span> <span class='ocrx_word' id='word_1_116' title='bbox 1070 1718 1243 1785; x_wconf 84' lang='lat' dir='ltr'><strong><em>Eberbard</em></strong></span> <span class='ocrx_word' id='word_1_117' title='bbox 1262 1717 1300 1783; x_wconf 94' lang='lat' dir='ltr'><strong><em>in</em></strong></span> <span class='ocrx_word' id='word_1_118' title='bbox 1321 1739 1420 1784; x_wconf 72' lang='lat' dir='ltr'><strong><em>eamn</em></strong></span> 
     </span>
     <span class='ocr_line' id='line_1_15' title="bbox 297 1806 1016 1892; baseline -0.004 -18"><span class='ocrx_word' id='word_1_119' title='bbox 297 1809 377 1892; x_wconf 91' lang='lat' dir='ltr'><strong><em>plar</em></strong></span> <span class='ocrx_word' id='word_1_120' title='bbox 399 1807 626 1890; x_wconf 83' lang='lat' dir='ltr'><strong><em>transsaripsit,</em></strong></span> <span class='ocrx_word' id='word_1_121' title='bbox 650 1809 734 1890; x_wconf 80' lang='lat' dir='ltr'><strong><em>quael</em></strong></span> <span class='ocrx_word' id='word_1_122' title='bbox 752 1807 821 1889; x_wconf 91' lang='lat' dir='ltr'><strong><em>ipse</em></strong></span> <span class='ocrx_word' id='word_1_123' title='bbox 842 1806 1016 1873; x_wconf 80' lang='lat' dir='ltr'><strong><em>ennuclaoi.</em></strong></span> 
     </span>
    </p>

    <p class='ocr_par' dir='ltr' id='par_1_4' title="bbox 302 1894 1457 2867">
     <span class='ocr_line' id='line_1_16' title="bbox 410 1894 1457 1979; baseline -0.001 -17"><span class='ocrx_word' id='word_1_124' title='bbox 410 1898 486 1962; x_wconf 91' lang='lat' dir='ltr'><strong><em>Iam</em></strong></span> <span class='ocrx_word' id='word_1_125' title='bbox 508 1918 607 1979; x_wconf 89' lang='lat' dir='ltr'><strong><em>supra</em></strong></span> <span class='ocrx_word' id='word_1_126' title='bbox 622 1903 766 1962; x_wconf 84' lang='lat' dir='ltr'><strong><em>auctores</em></strong></span> <span class='ocrx_word' id='word_1_127' title='bbox 788 1896 844 1978; x_wconf 78' lang='lat' dir='ltr'><strong><em>aui</em></strong></span> <span class='ocrx_word' id='word_1_128' title='bbox 866 1894 1011 1978; x_wconf 84' lang='lat' dir='ltr'><strong><em>sinpulas</em></strong></span> <span class='ocrx_word' id='word_1_129' title='bbox 1033 1895 1229 1962; x_wconf 81' lang='lat' dir='ltr'><strong><em>recensiones</em></strong></span> <span class='ocrx_word' id='word_1_130' title='bbox 1252 1895 1419 1977; x_wconf 81' lang='lat' dir='ltr'><strong><em>exsampse-</em></strong></span> <span class='ocrx_word' id='word_1_131' title='bbox 1430 1913 1457 1954; x_wconf 78' lang='lat'><strong><em>1⁵</em></strong></span> 
     </span>
     <span class='ocr_line' id='line_1_17' title="bbox 303 1983 1420 2068; baseline -0.001 -17"><span class='ocrx_word' id='word_1_132' title='bbox 303 1986 371 2052; x_wconf 92' lang='lat' dir='ltr'><strong><em>rint</em></strong></span> <span class='ocrx_word' id='word_1_133' title='bbox 393 1986 545 2068; x_wconf 79' lang='lat' dir='ltr'><strong><em>indicaui,</em></strong></span> <span class='ocrx_word' id='word_1_134' title='bbox 569 1987 688 2052; x_wconf 82' lang='lat' dir='ltr'><strong><em>addam</em></strong></span> <span class='ocrx_word' id='word_1_135' title='bbox 710 1992 828 2068; x_wconf 87' lang='lat' dir='ltr'><strong><em>oportet</em></strong></span> <span class='ocrx_word' id='word_1_136' title='bbox 848 1984 931 2050; x_wconf 89' lang='lat' dir='ltr'><strong><em>alias</em></strong></span> <span class='ocrx_word' id='word_1_137' title='bbox 957 1985 1084 2066; x_wconf 88' lang='lat' dir='ltr'><strong><em>libellas,</em></strong></span> <span class='ocrx_word' id='word_1_138' title='bbox 1113 1985 1151 2049; x_wconf 90' lang='lat' dir='ltr'><strong><em>in</em></strong></span> <span class='ocrx_word' id='word_1_139' title='bbox 1173 1983 1287 2067; x_wconf 64' lang='lat' dir='ltr'><strong><em>qubus</em></strong></span> <span class='ocrx_word' id='word_1_140' title='bbox 1309 2006 1420 2066; x_wconf 85' lang='lat' dir='ltr'><strong><em>panea</em></strong></span> 
     </span>
     <span class='ocr_line' id='line_1_18' title="bbox 303 2072 1420 2156; baseline -0.004 -15"><span class='ocrx_word' id='word_1_141' title='bbox 303 2097 342 2141; x_wconf 81' lang='lat' dir='ltr'><strong><em>ee</em></strong></span> <span class='ocrx_word' id='word_1_142' title='bbox 370 2076 508 2141; x_wconf 81' lang='lat' dir='ltr'><strong><em>Croniae</em></strong></span> <span class='ocrx_word' id='word_1_143' title='bbox 530 2075 662 2141; x_wconf 87' lang='lat' dir='ltr'><strong><em>Minore</em></strong></span> <span class='ocrx_word' id='word_1_144' title='bbox 684 2080 809 2156; x_wconf 90' lang='lat' dir='ltr'><strong><em>sumpta</em></strong></span> <span class='ocrx_word' id='word_1_145' title='bbox 830 2072 1047 2156; x_wconf 85' lang='lat' dir='ltr'><strong><em>inueniuntur,</em></strong></span> <span class='ocrx_word' id='word_1_146' title='bbox 1077 2080 1113 2138; x_wconf 91' lang='lat' dir='ltr'><strong><em>nt</em></strong></span> <span class='ocrx_word' id='word_1_147' title='bbox 1133 2073 1171 2138; x_wconf 88' lang='lat' dir='ltr'><strong><em>in</em></strong></span> <span class='ocrx_word' id='word_1_148' title='bbox 1192 2073 1295 2139; x_wconf 78' lang='lat' dir='ltr'><strong><em>maiae</em></strong></span> <span class='ocrx_word' id='word_1_149' title='bbox 1317 2073 1420 2138; x_wconf 88' lang='lat' dir='ltr'><strong><em>Ham·</em></strong></span> 
     </span>
     <span class='ocr_line' id='line_1_19' title="bbox 304 2161 1420 2248; baseline -0.004 -18"><span class='ocrx_word' id='word_1_150' title='bbox 304 2165 453 2248; x_wconf 82' lang='lat' dir='ltr'><strong><em>burpensi</em></strong></span> <span class='ocrx_word' id='word_1_151' title='bbox 479 2163 635 2230; x_wconf 83' lang='lat' dir='ltr'><strong><em>Obroniai</em></strong></span> <span class='ocrx_word' id='word_1_152' title='bbox 656 2163 846 2246; x_wconf 71' lang='lat' dir='ltr'><strong><em>pontificum</em></strong></span> <span class='ocrx_word' id='word_1_153' title='bbox 875 2169 904 2228; x_wconf 88' lang='lat' dir='ltr'><strong><em>et</em></strong></span> <span class='ocrx_word' id='word_1_154' title='bbox 932 2162 1157 2244; x_wconf 87' lang='lat' dir='ltr'><strong><em>imperatorum</em></strong></span> <span class='ocrx_word' id='word_1_155' title='bbox 1183 2161 1320 2228; x_wconf 75' lang='lat' dir='ltr'><strong><em>Gttbern&#39;</em></strong></span> <span class='ocrx_word' id='word_1_156' title='bbox 1330 2163 1351 2243; x_wconf 85' lang='lat'><strong><em>¹,</em></strong></span> <span class='ocrx_word' id='word_1_157' title='bbox 1381 2162 1420 2227; x_wconf 91' lang='lat' dir='ltr'><strong><em>in</em></strong></span> 
     </span>
     <span class='ocr_line' id='line_1_20' title="bbox 302 2251 1419 2332; baseline -0.003 -13"><span class='ocrx_word' id='word_1_158' title='bbox 302 2253 427 2319; x_wconf 85' lang='lat' dir='ltr'><strong><em>Annei.</em></strong></span> <span class='ocrx_word' id='word_1_159' title='bbox 444 2252 781 2319; x_wconf 84' lang='lat' dir='ltr'><strong><em>Halesbrnnnensibus</em></strong></span> <span class='ocrx_word' id='word_1_160' title='bbox 795 2251 972 2318; x_wconf 85' lang='lat' dir='ltr'><strong><em>maioribus</em></strong></span> <span class='ocrx_word' id='word_1_161' title='bbox 982 2253 1002 2332; x_wconf 79' lang='lat'><strong><em>²,</em></strong></span> <span class='ocrx_word' id='word_1_162' title='bbox 1026 2251 1150 2317; x_wconf 78' lang='lat' dir='ltr'><strong><em>Annal.</em></strong></span> <span class='ocrx_word' id='word_1_163' title='bbox 1170 2251 1313 2317; x_wconf 78' lang='lat' dir='ltr'><strong><em>brevibus</em></strong></span> <span class='ocrx_word' id='word_1_164' title='bbox 1329 2251 1419 2318; x_wconf 89' lang='lat' dir='ltr'><strong><em>War-</em></strong></span> 
     </span>
     <span class='ocr_line' id='line_1_21' title="bbox 303 2337 1457 2426; baseline 0.001 -21"><span class='ocrx_word' id='word_1_165' title='bbox 303 2349 377 2408; x_wconf 91' lang='lat' dir='ltr'><strong><em>mat.</em></strong></span> <span class='ocrx_word' id='word_1_166' title='bbox 411 2337 679 2426; x_wconf 78' lang='lat' dir='ltr'><strong><em>(Mopuntiuis)³,</em></strong></span> <span class='ocrx_word' id='word_1_167' title='bbox 707 2341 745 2406; x_wconf 93' lang='lat' dir='ltr'><strong><em>in</em></strong></span> <span class='ocrx_word' id='word_1_168' title='bbox 773 2340 910 2407; x_wconf 76' lang='lat' dir='ltr'><strong><em>Graniaa</em></strong></span> <span class='ocrx_word' id='word_1_169' title='bbox 939 2339 1118 2424; x_wconf 81' lang='lat' dir='ltr'><strong><em>rbptbmiaa</em></strong></span> <span class='ocrx_word' id='word_1_170' title='bbox 1143 2338 1457 2422; x_wconf 55' lang='lat' dir='ltr'><strong><em>annotantes</em></strong></span> 
     </span>
     <span class='ocr_line' id='line_1_22' title="bbox 303 2428 1420 2511; baseline -0.001 -16"><span class='ocrx_word' id='word_1_171' title='bbox 303 2430 340 2496; x_wconf 90' lang='lat' dir='ltr'><strong><em>in</em></strong></span> <span class='ocrx_word' id='word_1_172' title='bbox 360 2430 546 2496; x_wconf 85' lang='lat' dir='ltr'><strong><em>Annalibus</em></strong></span> <span class='ocrx_word' id='word_1_173' title='bbox 566 2428 906 2496; x_wconf 82' lang='lat' dir='ltr'><strong><em>Franco-Bauariois</em></strong></span> <span class='ocrx_word' id='word_1_174' title='bbox 928 2450 1008 2495; x_wconf 87' lang='lat' dir='ltr'><strong><em>saec.</em></strong></span> <span class='ocrx_word' id='word_1_175' title='bbox 1028 2429 1090 2494; x_wconf 87' lang='lat' dir='ltr'><strong><em>XI</em></strong></span> <span class='ocrx_word' id='word_1_176' title='bbox 1093 2429 1150 2511; x_wconf 75' lang='lat'><strong><em>1¹⁶,</em></strong></span> <span class='ocrx_word' id='word_1_177' title='bbox 1174 2428 1211 2494; x_wconf 89' lang='lat' dir='ltr'><strong><em>in</em></strong></span> <span class='ocrx_word' id='word_1_178' title='bbox 1232 2428 1333 2494; x_wconf 88' lang='lat' dir='ltr'><strong><em>Libro</em></strong></span> <span class='ocrx_word' id='word_1_179' title='bbox 1355 2449 1420 2495; x_wconf 83' lang='lat' dir='ltr'><strong><em>aro</em></strong></span> 
     </span>
     <span class='ocr_line' id='line_1_23' title="bbox 303 2517 1420 2599; baseline -0.002 -15"><span class='ocrx_word' id='word_1_180' title='bbox 303 2518 447 2584; x_wconf 76' lang='lat' dir='ltr'><strong><em>unarum</em></strong></span> <span class='ocrx_word' id='word_1_181' title='bbox 469 2518 604 2598; x_wconf 71' lang='lat' dir='ltr'><strong><em>Erfoml.</em></strong></span> <span class='ocrx_word' id='word_1_182' title='bbox 627 2517 722 2599; x_wconf 74' lang='lat' dir='ltr'><strong><em>infra</em></strong></span> <span class='ocrx_word' id='word_1_183' title='bbox 744 2518 834 2584; x_wconf 81' lang='lat' dir='ltr'><strong><em>edito.</em></strong></span> <span class='ocrx_word' id='word_1_184' title='bbox 870 2518 983 2583; x_wconf 82' lang='lat' dir='ltr'><strong><em>Pansa</em></strong></span> <span class='ocrx_word' id='word_1_185' title='bbox 1004 2517 1100 2583; x_wconf 90' lang='lat' dir='ltr'><strong><em>etiam</em></strong></span> <span class='ocrx_word' id='word_1_186' title='bbox 1121 2517 1279 2599; x_wconf 79' lang='lat' dir='ltr'><strong><em>ensmnpta</em></strong></span> <span class='ocrx_word' id='word_1_187' title='bbox 1301 2523 1376 2583; x_wconf 90' lang='lat' dir='ltr'><strong><em>sunt</em></strong></span> <span class='ocrx_word' id='word_1_188' title='bbox 1397 2539 1420 2583; x_wconf 94' lang='lat' dir='ltr'><strong><em>a</em></strong></span> 
     </span>
     <span class='ocr_line' id='line_1_24' title="bbox 302 2605 1421 2687; baseline 0.001 -16"><span class='ocrx_word' id='word_1_189' title='bbox 302 2607 407 2687; x_wconf 81' lang='lat' dir='ltr'><strong><em>fratre</em></strong></span> <span class='ocrx_word' id='word_1_190' title='bbox 430 2607 656 2673; x_wconf 84' lang='lat' dir='ltr'><strong><em>Proediaatare</em></strong></span> <span class='ocrx_word' id='word_1_191' title='bbox 677 2607 864 2673; x_wconf 86' lang='lat' dir='ltr'><strong><em>Isenaeensi</em></strong></span> <span class='ocrx_word' id='word_1_192' title='bbox 884 2607 922 2673; x_wconf 90' lang='lat' dir='ltr'><strong><em>iu</em></strong></span> <span class='ocrx_word' id='word_1_193' title='bbox 945 2605 1082 2673; x_wconf 76' lang='lat' dir='ltr'><strong><em>Oroniw</em></strong></span> <span class='ocrx_word' id='word_1_194' title='bbox 1108 2606 1369 2687; x_wconf 79' lang='lat' dir='ltr'><strong><em>Tbnrinporum⁶</em></strong></span> <span class='ocrx_word' id='word_1_195' title='bbox 1391 2613 1421 2672; x_wconf 91' lang='lat' dir='ltr'><strong><em>et</em></strong></span> 
     </span>
     <span class='ocr_line' id='line_1_25' title="bbox 303 2694 1417 2778; baseline -0.002 -16"><span class='ocrx_word' id='word_1_196' title='bbox 303 2697 343 2762; x_wconf 92' lang='lat' dir='ltr'><strong><em>ab</em></strong></span> <span class='ocrx_word' id='word_1_197' title='bbox 366 2695 556 2762; x_wconf 89' lang='lat' dir='ltr'><strong><em>Hermanno</em></strong></span> <span class='ocrx_word' id='word_1_198' title='bbox 570 2695 711 2777; x_wconf 87' lang='lat' dir='ltr'><strong><em>Korner,</em></strong></span> <span class='ocrx_word' id='word_1_199' title='bbox 734 2703 770 2761; x_wconf 91' lang='lat' dir='ltr'><strong><em>nt</em></strong></span> <span class='ocrx_word' id='word_1_200' title='bbox 790 2697 914 2762; x_wconf 81' lang='lat' dir='ltr'><strong><em>videtur</em></strong></span> <span class='ocrx_word' id='word_1_201' title='bbox 925 2697 944 2778; x_wconf 84' lang='lat'><strong><em>⁷,</em></strong></span> <span class='ocrx_word' id='word_1_202' title='bbox 968 2719 990 2762; x_wconf 93' lang='lat' dir='ltr'><strong><em>a</em></strong></span> <span class='ocrx_word' id='word_1_203' title='bbox 1011 2694 1201 2761; x_wconf 76' lang='lat' dir='ltr'><strong><em>Iluodmieo</em></strong></span> <span class='ocrx_word' id='word_1_204' title='bbox 1223 2695 1417 2778; x_wconf 82' lang='lat' dir='ltr'><strong><em>Enpellns⁸,</em></strong></span> 
     </span>
     <span class='ocr_line' id='line_1_26' title="bbox 304 2783 1455 2867; baseline -0.003 -18"><span class='ocrx_word' id='word_1_205' title='bbox 304 2807 325 2848; x_wconf 93' lang='lat' dir='ltr'><strong><em>a</em></strong></span> <span class='ocrx_word' id='word_1_206' title='bbox 351 2784 498 2850; x_wconf 86' lang='lat' dir='ltr'><strong><em>Iobanne</em></strong></span> <span class='ocrx_word' id='word_1_207' title='bbox 519 2785 652 2866; x_wconf 63' lang='lat' dir='ltr'><strong><em>norw,</em></strong></span> <span class='ocrx_word' id='word_1_208' title='bbox 683 2808 704 2850; x_wconf 93' lang='lat' dir='ltr'><strong><em>a</em></strong></span> <span class='ocrx_word' id='word_1_209' title='bbox 728 2785 862 2850; x_wconf 81' lang='lat' dir='ltr'><strong><em>Nimiae</em></strong></span> <span class='ocrx_word' id='word_1_210' title='bbox 892 2786 930 2851; x_wconf 86' lang='lat' dir='ltr'><strong><em>de</em></strong></span> <span class='ocrx_word' id='word_1_211' title='bbox 953 2783 1113 2867; x_wconf 64' lang='lat' dir='ltr'><strong><em>Sieaenm.</em></strong></span> <span class='ocrx_word' id='word_1_212' title='bbox 1161 2785 1229 2850; x_wconf 86' lang='lat' dir='ltr'><strong><em>Nea</em></strong></span> <span class='ocrx_word' id='word_1_213' title='bbox 1251 2805 1330 2850; x_wconf 86' lang='lat' dir='ltr'><strong><em>sane</em></strong></span> <span class='ocrx_word' id='word_1_214' title='bbox 1352 2783 1455 2850; x_wconf 77' lang='lat' dir='ltr'><strong><em>tamn</em></strong></span> 
     </span>
    </p>
   </div>
   <div class='ocr_carea' id='block_1_4' title="bbox 299 3028 1454 4168">
    <p class='ocr_par' dir='ltr' id='par_1_5' title="bbox 299 3028 1454 4168">
     <span class='ocr_line' id='line_1_27' title="bbox 304 3028 1417 3099; baseline -0.005 -13"><span class='ocrx_word' id='word_1_215' title='bbox 304 3033 330 3098; x_wconf 87' lang='lat'><strong><em>1)</em></strong></span> <span class='ocrx_word' id='word_1_216' title='bbox 351 3031 398 3086; x_wconf 82' lang='lat' dir='ltr'><strong><em>SS.</em></strong></span> <span class='ocrx_word' id='word_1_217' title='bbox 412 3029 508 3095; x_wconf 86' lang='lat' dir='ltr'><em>XXII,</em></span> <span class='ocrx_word' id='word_1_218' title='bbox 529 3048 558 3099; x_wconf 88' lang='lat' dir='ltr'><strong><em>p.</em></strong></span> <span class='ocrx_word' id='word_1_219' title='bbox 572 3032 624 3086; x_wconf 84' lang='grc'><strong><em>359</em></strong></span> <span class='ocrx_word' id='word_1_220' title='bbox 636 3046 690 3099; x_wconf 74' lang='lat' dir='ltr'><strong><em>sqq.</em></strong></span> <span class='ocrx_word' id='word_1_221' title='bbox 773 3031 801 3096; x_wconf 68' lang='lat'><strong><em>2]</em></strong></span> <span class='ocrx_word' id='word_1_222' title='bbox 828 3030 875 3085; x_wconf 83' lang='lat' dir='ltr'><strong><em>SS.</em></strong></span> <span class='ocrx_word' id='word_1_223' title='bbox 894 3030 1004 3097; x_wconf 85' lang='lat' dir='ltr'><em>XXIV,</em></span> <span class='ocrx_word' id='word_1_224' title='bbox 1030 3047 1057 3098; x_wconf 88' lang='lat' dir='ltr'><strong><em>p.</em></strong></span> <span class='ocrx_word' id='word_1_225' title='bbox 1075 3031 1119 3086; x_wconf 80' lang='lat'><strong><em>43.</em></strong></span> <span class='ocrx_word' id='word_1_226' title='bbox 1208 3030 1236 3098; x_wconf 84' lang='grc'><strong><em>8)</em></strong></span> <span class='ocrx_word' id='word_1_227' title='bbox 1252 3029 1301 3084; x_wconf 84' lang='lat' dir='ltr'><strong><em>SS.</em></strong></span> <span class='ocrx_word' id='word_1_228' title='bbox 1320 3028 1417 3096; x_wconf 81' lang='lat' dir='ltr'><em>XVII,</em></span> 
     </span>
     <span class='ocr_line' id='line_1_28' title="bbox 299 3100 1417 3170; baseline -0.003 -12"><span class='ocrx_word' id='word_1_229' title='bbox 299 3121 329 3170; x_wconf 87' lang='lat' dir='ltr'><strong><em>p.</em></strong></span> <span class='ocrx_word' id='word_1_230' title='bbox 343 3104 393 3170; x_wconf 79' lang='lat'><strong><em>75;</em></strong></span> <span class='ocrx_word' id='word_1_231' title='bbox 418 3103 454 3166; x_wconf 73' lang='lat' dir='ltr'><strong><em>af.</em></strong></span> <span class='ocrx_word' id='word_1_232' title='bbox 474 3102 519 3156; x_wconf 85' lang='lat' dir='ltr'><strong><em>‘N.</em></strong></span> <span class='ocrx_word' id='word_1_233' title='bbox 532 3101 645 3154; x_wconf 81' lang='lat' dir='ltr'><strong><em>Arabia’</em></strong></span> <span class='ocrx_word' id='word_1_234' title='bbox 657 3101 738 3168; x_wconf 90' lang='lat' dir='ltr'><em>XXI,</em></span> <span class='ocrx_word' id='word_1_235' title='bbox 761 3118 790 3169; x_wconf 88' lang='lat' dir='ltr'><strong><em>p.</em></strong></span> <span class='ocrx_word' id='word_1_236' title='bbox 809 3104 870 3159; x_wconf 81' lang='lat'><strong><em>524.</em></strong></span> <span class='ocrx_word' id='word_1_237' title='bbox 907 3103 959 3155; x_wconf 78' lang='lat' dir='ltr'><strong><em>Sea</em></strong></span> <span class='ocrx_word' id='word_1_238' title='bbox 976 3103 1082 3154; x_wconf 81' lang='lat' dir='ltr'><strong><em>amuda</em></strong></span> <span class='ocrx_word' id='word_1_239' title='bbox 1100 3117 1131 3154; x_wconf 84' lang='lat' dir='ltr'><strong><em>ea</em></strong></span> <span class='ocrx_word' id='word_1_240' title='bbox 1148 3117 1216 3170; x_wconf 75' lang='lat' dir='ltr'><strong><em>piae</em></strong></span> <span class='ocrx_word' id='word_1_241' title='bbox 1233 3100 1281 3154; x_wconf 84' lang='lat' dir='ltr'><strong><em>sub</em></strong></span> <span class='ocrx_word' id='word_1_242' title='bbox 1299 3117 1324 3156; x_wconf 91' lang='lat' dir='ltr'><strong><em>a.</em></strong></span> <span class='ocrx_word' id='word_1_243' title='bbox 1339 3102 1417 3156; x_wconf 80' lang='lat'><strong><em>1212.</em></strong></span> 
     </span>
     <span class='ocr_line' id='line_1_29' title="bbox 302 3173 1418 3240; baseline -0.002 -14"><span class='ocrx_word' id='word_1_244' title='bbox 302 3190 361 3226; x_wconf 76' lang='lat' dir='ltr'><strong><em>mm</em></strong></span> <span class='ocrx_word' id='word_1_245' title='bbox 380 3173 493 3226; x_wconf 58' lang='lat' dir='ltr'><strong><em>&amp;anua</em></strong></span> <span class='ocrx_word' id='word_1_246' title='bbox 511 3174 617 3226; x_wconf 82' lang='lat' dir='ltr'><strong><em>Minore</em></strong></span> <span class='ocrx_word' id='word_1_247' title='bbox 641 3177 795 3226; x_wconf 71' lang='lat' dir='ltr'><strong><em>annulum</em></strong></span> <span class='ocrx_word' id='word_1_248' title='bbox 820 3189 852 3226; x_wconf 74' lang='lat' dir='ltr'><strong><em>aa</em></strong></span> <span class='ocrx_word' id='word_1_249' title='bbox 870 3173 1013 3225; x_wconf 80' lang='lat' dir='ltr'><strong><em>annalibus</em></strong></span> <span class='ocrx_word' id='word_1_250' title='bbox 1038 3175 1067 3224; x_wconf 81' lang='lat' dir='ltr'><strong><em>in</em></strong></span> <span class='ocrx_word' id='word_1_251' title='bbox 1085 3173 1136 3224; x_wconf 84' lang='lat' dir='ltr'><strong><em>baa</em></strong></span> <span class='ocrx_word' id='word_1_252' title='bbox 1153 3174 1295 3239; x_wconf 71' lang='lat' dir='ltr'><strong><em>inscriptis</em></strong></span> <span class='ocrx_word' id='word_1_253' title='bbox 1311 3179 1418 3240; x_wconf 84' lang='lat' dir='ltr'><strong><em>sumpta</em></strong></span> 
     </span>
     <span class='ocr_line' id='line_1_30' title="bbox 303 3242 1452 3383; baseline -0.002 -12"><span class='ocrx_word' id='word_1_254' title='bbox 303 3261 356 3371; x_wconf 56' lang='lat' dir='ltr'><em>X</em></span> <span class='ocrx_word' id='word_1_255' title='bbox 370 3245 999 3383; x_wconf 60' lang='lat' dir='ltr'><strong><em>&#39;&#39;⁰⁸⁸‘·5&gt;Rtl&#39;t¹‘ba.”t&#39;”s‘”t...b.</em></strong></span> <span class='ocrx_word' id='word_1_256' title='bbox 1017 3242 1293 3383; x_wconf 49' lang='lat' dir='ltr'><strong><em>libitis,</em></strong></span> <span class='ocrx_word' id='word_1_257' title='bbox 1307 3245 1452 3371; x_wconf 47' lang='lat' dir='ltr'><strong><em>tem..</em></strong></span> 
     </span>
     <span class='ocr_line' id='line_1_31' title="bbox 303 3352 1418 3454; baseline -0.002 -15"><span class='ocrx_word' id='word_1_258' title='bbox 303 3387 403 3439; x_wconf 78' lang='lat' dir='ltr'><strong><em>Auster</em></strong></span> <span class='ocrx_word' id='word_1_259' title='bbox 426 3389 475 3454; x_wconf 79' lang='lat' dir='ltr'><strong><em>qui</em></strong></span> <span class='ocrx_word' id='word_1_260' title='bbox 498 3387 571 3452; x_wconf 75' lang='lat' dir='ltr'><strong><em>falsa</em></strong></span> <span class='ocrx_word' id='word_1_261' title='bbox 596 3387 696 3438; x_wconf 73' lang='lat' dir='ltr'><strong><em>dnbs&#39;tur</em></strong></span> <span class='ocrx_word' id='word_1_262' title='bbox 716 3355 856 3439; x_wconf 74' lang='lat' dir='ltr'><strong><em>Mar-tirius</em></strong></span> <span class='ocrx_word' id='word_1_263' title='bbox 880 3387 959 3441; x_wconf 76' lang='lat' dir='ltr'><strong><em>Fata.</em></strong></span> <span class='ocrx_word' id='word_1_264' title='bbox 984 3352 1040 3438; x_wconf 54' lang='lat' dir='ltr'><strong><em>aut,</em></strong></span> <span class='ocrx_word' id='word_1_265' title='bbox 1054 3388 1111 3454; x_wconf 81' lang='lat' dir='ltr'><strong><em>ipse</em></strong></span> <span class='ocrx_word' id='word_1_266' title='bbox 1130 3353 1279 3454; x_wconf 65' lang='lat' dir='ltr'><strong><em>minabis</em></strong></span> <span class='ocrx_word' id='word_1_267' title='bbox 1305 3386 1418 3438; x_wconf 78' lang='lat' dir='ltr'><strong><em>Orontea</em></strong></span> 
     </span>
     <span class='ocr_line' id='line_1_32' title="bbox 302 3457 1418 3526; baseline 0 -18"><span class='ocrx_word' id='word_1_268' title='bbox 302 3457 409 3510; x_wconf 77' lang='lat' dir='ltr'><strong><em>Minore</em></strong></span> <span class='ocrx_word' id='word_1_269' title='bbox 433 3459 545 3525; x_wconf 82' lang='lat' dir='ltr'><strong><em>sumpsit</em></strong></span> <span class='ocrx_word' id='word_1_270' title='bbox 563 3465 612 3510; x_wconf 84' lang='lat' dir='ltr'><strong><em>aut</em></strong></span> <span class='ocrx_word' id='word_1_271' title='bbox 630 3457 729 3510; x_wconf 74' lang='lat' dir='ltr'><strong><em>librum</em></strong></span> <span class='ocrx_word' id='word_1_272' title='bbox 753 3461 782 3509; x_wconf 85' lang='lat' dir='ltr'><strong><em>tn</em></strong></span> <span class='ocrx_word' id='word_1_273' title='bbox 800 3473 853 3526; x_wconf 80' lang='lat' dir='ltr'><strong><em>qua</em></strong></span> <span class='ocrx_word' id='word_1_274' title='bbox 870 3458 932 3510; x_wconf 80' lang='lat' dir='ltr'><strong><em>laea</em></strong></span> <span class='ocrx_word' id='word_1_275' title='bbox 949 3458 1084 3525; x_wconf 71' lang='lat' dir='ltr'><strong><em>innupto</em></strong></span> <span class='ocrx_word' id='word_1_276' title='bbox 1101 3463 1161 3509; x_wconf 84' lang='lat' dir='ltr'><strong><em>erat</em></strong></span> <span class='ocrx_word' id='word_1_277' title='bbox 1178 3457 1310 3512; x_wconf 82' lang='lat' dir='ltr'><strong><em>adbibutt.</em></strong></span> <span class='ocrx_word' id='word_1_278' title='bbox 1347 3457 1418 3509; x_wconf 86' lang='lat' dir='ltr'><strong><em>Nam</em></strong></span> 
     </span>
     <span class='ocr_line' id='line_1_33' title="bbox 302 3527 1417 3597; baseline 0.002 -16"><span class='ocrx_word' id='word_1_279' title='bbox 302 3545 370 3597; x_wconf 74' lang='lat' dir='ltr'><strong><em>quae</em></strong></span> <span class='ocrx_word' id='word_1_280' title='bbox 393 3528 430 3584; x_wconf 88' lang='grc' dir='ltr'><strong><em>Η.</em></strong></span> <span class='ocrx_word' id='word_1_281' title='bbox 449 3528 600 3596; x_wconf 77' lang='lat' dir='ltr'><strong><em>Haapeuep,</em></strong></span> <span class='ocrx_word' id='word_1_282' title='bbox 627 3529 828 3582; x_wconf 69' lang='lat' dir='ltr'><strong><em>‘Mummium</em></strong></span> <span class='ocrx_word' id='word_1_283' title='bbox 852 3529 977 3596; x_wconf 80' lang='lat' dir='ltr'><strong><em>Bettrape</em></strong></span> <span class='ocrx_word' id='word_1_284' title='bbox 1000 3546 1023 3582; x_wconf 76' lang='lat' dir='ltr'><strong><em>a.</em></strong></span> <span class='ocrx_word' id='word_1_285' title='bbox 1044 3527 1227 3593; x_wconf 68' lang='lat' dir='ltr'><strong><em>Gesabtebtsf!</em></strong></span> <span class='ocrx_word' id='word_1_286' title='bbox 1246 3528 1286 3596; x_wconf 91' lang='lat' dir='ltr'><strong><em>II,</em></strong></span> <span class='ocrx_word' id='word_1_287' title='bbox 1309 3547 1337 3596; x_wconf 90' lang='lat' dir='ltr'><strong><em>p.</em></strong></span> <span class='ocrx_word' id='word_1_288' title='bbox 1358 3529 1417 3592; x_wconf 81' lang='lat'><strong><em>112,</em></strong></span> 
     </span>
     <span class='ocr_line' id='line_1_34' title="bbox 302 3599 1418 3668; baseline 0 -16"><span class='ocrx_word' id='word_1_289' title='bbox 302 3601 367 3652; x_wconf 62' lang='lat' dir='ltr'><strong><em>aaut</em></strong></span> <span class='ocrx_word' id='word_1_290' title='bbox 391 3601 423 3652; x_wconf 84' lang='lat' dir='ltr'><strong><em>de</em></strong></span> <span class='ocrx_word' id='word_1_291' title='bbox 445 3600 531 3653; x_wconf 82' lang='lat' dir='ltr'><strong><em>eadem</em></strong></span> <span class='ocrx_word' id='word_1_292' title='bbox 552 3599 669 3666; x_wconf 79' lang='lat' dir='ltr'><strong><em>catalapa</em></strong></span> <span class='ocrx_word' id='word_1_293' title='bbox 690 3600 847 3668; x_wconf 77' lang='lat' dir='ltr'><strong><em>pontificum</em></strong></span> <span class='ocrx_word' id='word_1_294' title='bbox 866 3607 890 3652; x_wconf 82' lang='lat' dir='ltr'><strong><em>et</em></strong></span> <span class='ocrx_word' id='word_1_295' title='bbox 906 3602 1099 3668; x_wconf 82' lang='lat' dir='ltr'><strong><em>imperatarum</em></strong></span> <span class='ocrx_word' id='word_1_296' title='bbox 1116 3600 1152 3652; x_wconf 92' lang='lat' dir='ltr'><strong><em>ab</em></strong></span> <span class='ocrx_word' id='word_1_297' title='bbox 1168 3605 1274 3652; x_wconf 81' lang='lat' dir='ltr'><strong><em>enatare</em></strong></span> <span class='ocrx_word' id='word_1_298' title='bbox 1292 3599 1418 3652; x_wconf 61' lang='lat' dir='ltr'><strong><em>&amp;anuas</em></strong></span> 
     </span>
     <span class='ocr_line' id='line_1_35' title="bbox 302 3669 1453 3739; baseline -0.002 -16"><span class='ocrx_word' id='word_1_299' title='bbox 302 3670 420 3725; x_wconf 74' lang='lat' dir='ltr'><strong><em>Menos</em></strong></span> <span class='ocrx_word' id='word_1_300' title='bbox 437 3677 460 3723; x_wconf 82' lang='lat' dir='ltr'><strong><em>et</em></strong></span> <span class='ocrx_word' id='word_1_301' title='bbox 478 3688 496 3723; x_wconf 90' lang='lat' dir='ltr'><strong><em>a</em></strong></span> <span class='ocrx_word' id='word_1_302' title='bbox 514 3670 637 3724; x_wconf 77' lang='lat' dir='ltr'><strong><em>Mar-tina</em></strong></span> <span class='ocrx_word' id='word_1_303' title='bbox 654 3673 787 3739; x_wconf 70' lang='lat' dir='ltr'><strong><em>sasaipta</em></strong></span> <span class='ocrx_word' id='word_1_304' title='bbox 804 3671 889 3724; x_wconf 75' lang='lat' dir='ltr'><strong><em>nuru</em></strong></span> <span class='ocrx_word' id='word_1_305' title='bbox 903 3677 974 3725; x_wconf 86' lang='lat' dir='ltr'><strong><em>sunt.</em></strong></span> <span class='ocrx_word' id='word_1_306' title='bbox 1046 3672 1064 3726; x_wconf 80' lang='lat'>6</span> <span class='ocrx_word' id='word_1_307' title='bbox 1093 3671 1138 3736; x_wconf 79' lang='lat' dir='ltr'><strong><em>Cf.</em></strong></span> <span class='ocrx_word' id='word_1_308' title='bbox 1159 3670 1204 3723; x_wconf 86' lang='lat' dir='ltr'><strong><em>‘N.</em></strong></span> <span class='ocrx_word' id='word_1_309' title='bbox 1222 3670 1337 3723; x_wconf 78' lang='lat' dir='ltr'><strong><em>Arebla&#39;</em></strong></span> <span class='ocrx_word' id='word_1_310' title='bbox 1350 3669 1416 3736; x_wconf 89' lang='lat' dir='ltr'><strong><em>XX,</em></strong></span> <span class='ocrx_word' id='word_1_311' title='bbox 1428 3685 1453 3728; x_wconf 69' lang='lat' dir='ltr'><strong><em>ss</em></strong></span> 
     </span>
     <span class='ocr_line' id='line_1_36' title="bbox 300 3741 1419 3811; baseline -0.004 -13"><span class='ocrx_word' id='word_1_312' title='bbox 300 3760 329 3811; x_wconf 87' lang='lat' dir='ltr'><strong><em>p.</em></strong></span> <span class='ocrx_word' id='word_1_313' title='bbox 338 3744 399 3798; x_wconf 83' lang='lat'><strong><em>399.</em></strong></span> <span class='ocrx_word' id='word_1_314' title='bbox 447 3745 474 3810; x_wconf 85' lang='grc'><strong><em>7)</em></strong></span> <span class='ocrx_word' id='word_1_315' title='bbox 488 3741 850 3809; x_wconf 76' lang='lat' dir='ltr'><strong><em>af.0a.senna1np.xx11.</em></strong></span> <span class='ocrx_word' id='word_1_316' title='bbox 900 3743 929 3811; x_wconf 89' lang='grc'><strong><em>8)</em></strong></span> <span class='ocrx_word' id='word_1_317' title='bbox 943 3741 996 3806; x_wconf 79' lang='lat' dir='ltr'><strong><em>Qui</em></strong></span> <span class='ocrx_word' id='word_1_318' title='bbox 1005 3741 1044 3796; x_wconf 80' lang='lat' dir='ltr'><strong><em>ed.</em></strong></span> <span class='ocrx_word' id='word_1_319' title='bbox 1086 3743 1151 3795; x_wconf 80' lang='lat' dir='ltr'><strong><em>ader</em></strong></span> <span class='ocrx_word' id='word_1_320' title='bbox 1158 3759 1188 3810; x_wconf 87' lang='lat' dir='ltr'><strong><em>p.</em></strong></span> <span class='ocrx_word' id='word_1_321' title='bbox 1200 3743 1259 3797; x_wconf 81' lang='lat'><strong><em>160.</em></strong></span> <span class='ocrx_word' id='word_1_322' title='bbox 1272 3757 1377 3794; x_wconf 71' lang='lat' dir='ltr'><strong><em>suanm</em></strong></span> <span class='ocrx_word' id='word_1_323' title='bbox 1388 3741 1419 3794; x_wconf 78' lang='lat' dir='ltr'><strong><em>de</em></strong></span> 
     </span>
     <span class='ocr_line' id='line_1_37' title="bbox 300 3812 1417 3883; baseline 0.001 -18"><span class='ocrx_word' id='word_1_324' title='bbox 300 3815 414 3883; x_wconf 78' lang='lat' dir='ltr'><strong><em>papissa</em></strong></span> <span class='ocrx_word' id='word_1_325' title='bbox 431 3813 551 3866; x_wconf 75' lang='lat' dir='ltr'><strong><em>Maritus·</em></strong></span> <span class='ocrx_word' id='word_1_326' title='bbox 566 3815 725 3866; x_wconf 74' lang='lat' dir='ltr'><strong><em>namationi</em></strong></span> <span class='ocrx_word' id='word_1_327' title='bbox 741 3815 864 3879; x_wconf 65' lang='lat' dir='ltr'><strong><em>bunun,</em></strong></span> <span class='ocrx_word' id='word_1_328' title='bbox 878 3831 907 3880; x_wconf 89' lang='lat' dir='ltr'><strong><em>p.</em></strong></span> <span class='ocrx_word' id='word_1_329' title='bbox 920 3815 979 3868; x_wconf 79' lang='lat'><strong><em>172.</em></strong></span> <span class='ocrx_word' id='word_1_330' title='bbox 998 3813 1108 3878; x_wconf 74' lang='lat' dir='ltr'><strong><em>fabulas</em></strong></span> <span class='ocrx_word' id='word_1_331' title='bbox 1125 3812 1157 3866; x_wconf 84' lang='lat' dir='ltr'><strong><em>de</em></strong></span> <span class='ocrx_word' id='word_1_332' title='bbox 1174 3813 1299 3878; x_wconf 76' lang='lat' dir='ltr'><strong><em>Halteres,</em></strong></span> <span class='ocrx_word' id='word_1_333' title='bbox 1315 3831 1343 3880; x_wconf 89' lang='lat' dir='ltr'><strong><em>p.</em></strong></span> <span class='ocrx_word' id='word_1_334' title='bbox 1356 3813 1417 3868; x_wconf 75' lang='lat'><strong><em>233.</em></strong></span> 
     </span>
     <span class='ocr_line' id='line_1_38' title="bbox 302 3883 1419 3952; baseline -0.001 -16"><span class='ocrx_word' id='word_1_335' title='bbox 302 3885 426 3949; x_wconf 73' lang='lat' dir='ltr'><strong><em>fabulam</em></strong></span> <span class='ocrx_word' id='word_1_336' title='bbox 450 3885 481 3937; x_wconf 79' lang='lat' dir='ltr'><strong><em>de</em></strong></span> <span class='ocrx_word' id='word_1_337' title='bbox 505 3901 565 3938; x_wconf 82' lang='lat' dir='ltr'><strong><em>vase</em></strong></span> <span class='ocrx_word' id='word_1_338' title='bbox 586 3885 761 3951; x_wconf 79' lang='lat' dir='ltr'><strong><em>snmrapdino</em></strong></span> <span class='ocrx_word' id='word_1_339' title='bbox 778 3883 916 3936; x_wconf 73' lang='lat' dir='ltr'><strong><em>Frideriei</em></strong></span> <span class='ocrx_word' id='word_1_340' title='bbox 932 3885 955 3938; x_wconf 93' lang='lat' dir='ltr'><strong><em>I.</em></strong></span> <span class='ocrx_word' id='word_1_341' title='bbox 980 3885 1129 3952; x_wconf 73' lang='lat' dir='ltr'><strong><em>sasampsit.</em></strong></span> <span class='ocrx_word' id='word_1_342' title='bbox 1166 3884 1200 3935; x_wconf 96' lang='lat' dir='ltr'><strong><em>In</em></strong></span> <span class='ocrx_word' id='word_1_343' title='bbox 1219 3883 1347 3936; x_wconf 79' lang='lat' dir='ltr'><strong><em>Obroniai</em></strong></span> <span class='ocrx_word' id='word_1_344' title='bbox 1363 3885 1419 3935; x_wconf 81' lang='lat' dir='ltr'><strong><em>eius</em></strong></span> 
     </span>
     <span class='ocr_line' id='line_1_39' title="bbox 301 3955 1418 4023; baseline 0.001 -15"><span class='ocrx_word' id='word_1_345' title='bbox 301 3957 455 4020; x_wconf 73' lang='lat' dir='ltr'><strong><em>remissione,</em></strong></span> <span class='ocrx_word' id='word_1_346' title='bbox 472 3971 539 4023; x_wconf 79' lang='lat' dir='ltr'><strong><em>quae</em></strong></span> <span class='ocrx_word' id='word_1_347' title='bbox 556 3958 586 4009; x_wconf 84' lang='lat' dir='ltr'><strong><em>in</em></strong></span> <span class='ocrx_word' id='word_1_348' title='bbox 603 3955 686 4008; x_wconf 70' lang='lat' dir='ltr'><strong><em>abdue</em></strong></span> <span class='ocrx_word' id='word_1_349' title='bbox 702 3957 816 4007; x_wconf 77' lang='lat' dir='ltr'><strong><em>alutatts</em></strong></span> <span class='ocrx_word' id='word_1_350' title='bbox 828 3955 1043 4009; x_wconf 85' lang='lat' dir='ltr'><strong><em>Hannaaeranae</em></strong></span> <span class='ocrx_word' id='word_1_351' title='bbox 1064 3955 1207 4016; x_wconf 60' lang='lat' dir='ltr'><strong><em>(menna</em></strong></span> <span class='ocrx_word' id='word_1_352' title='bbox 1217 3955 1265 4009; x_wconf 82' lang='lat' dir='ltr'><strong><em>SS.</em></strong></span> <span class='ocrx_word' id='word_1_353' title='bbox 1278 3955 1418 4009; x_wconf 78' lang='lat' dir='ltr'><strong><em>Bruusas&#39;a.</em></strong></span> 
     </span>
     <span class='ocr_line' id='line_1_40' title="bbox 302 4024 1454 4094; baseline 0.004 -16"><span class='ocrx_word' id='word_1_354' title='bbox 302 4026 341 4094; x_wconf 89' lang='lat' dir='ltr'><strong><em>II,</em></strong></span> <span class='ocrx_word' id='word_1_355' title='bbox 357 4044 388 4093; x_wconf 88' lang='lat' dir='ltr'><strong><em>p.</em></strong></span> <span class='ocrx_word' id='word_1_356' title='bbox 402 4027 479 4094; x_wconf 79' lang='lat'>1116,</span> <span class='ocrx_word' id='word_1_357' title='bbox 498 4027 547 4079; x_wconf 85' lang='lat' dir='ltr'><strong><em>ubl</em></strong></span> <span class='ocrx_word' id='word_1_358' title='bbox 562 4026 598 4081; x_wconf 88' lang='grc' dir='ltr'><strong><em>Δ.</em></strong></span> <span class='ocrx_word' id='word_1_359' title='bbox 617 4027 697 4093; x_wconf 79' lang='lat' dir='ltr'><strong><em>deest)</em></strong></span> <span class='ocrx_word' id='word_1_360' title='bbox 716 4027 821 4092; x_wconf 68' lang='lat' dir='ltr'><strong><em>habim</em></strong></span> <span class='ocrx_word' id='word_1_361' title='bbox 840 4027 912 4079; x_wconf 78' lang='lat' dir='ltr'><strong><em>loom</em></strong></span> <span class='ocrx_word' id='word_1_362' title='bbox 924 4027 1051 4080; x_wconf 73' lang='lat' dir='ltr'><strong><em>oronnae</em></strong></span> <span class='ocrx_word' id='word_1_363' title='bbox 1062 4027 1181 4079; x_wconf 74' lang='lat' dir='ltr'><strong><em>Minoris</em></strong></span> <span class='ocrx_word' id='word_1_364' title='bbox 1198 4027 1231 4079; x_wconf 81' lang='lat' dir='ltr'><strong><em>dr</em></strong></span> <span class='ocrx_word' id='word_1_365' title='bbox 1247 4041 1306 4079; x_wconf 81' lang='lat' dir='ltr'><strong><em>neae</em></strong></span> <span class='ocrx_word' id='word_1_366' title='bbox 1321 4024 1454 4092; x_wconf 74' lang='lat' dir='ltr'><strong><em>Enipei-40</em></strong></span> 
     </span>
     <span class='ocr_line' id='line_1_41' title="bbox 303 4093 1419 4168; baseline -0.001 -18"><span class='ocrx_word' id='word_1_367' title='bbox 303 4097 370 4150; x_wconf 76' lang='lat' dir='ltr'><strong><em>buli</em></strong></span> <span class='ocrx_word' id='word_1_368' title='bbox 386 4097 577 4168; x_wconf 75' lang='lat' dir='ltr'><strong><em>archiepiscopi</em></strong></span> <span class='ocrx_word' id='word_1_369' title='bbox 594 4097 757 4151; x_wconf 58' lang='lat' dir='ltr'><strong><em>&amp;lanienas</em></strong></span> <span class='ocrx_word' id='word_1_370' title='bbox 774 4100 898 4166; x_wconf 72' lang='lat' dir='ltr'><strong><em>apposita</em></strong></span> <span class='ocrx_word' id='word_1_371' title='bbox 916 4097 1005 4151; x_wconf 79' lang='lat' dir='ltr'><strong><em>littera</em></strong></span> <span class='ocrx_word' id='word_1_372' title='bbox 1024 4097 1060 4164; x_wconf 84' lang='lat' dir='ltr'><strong><em>A,</em></strong></span> <span class='ocrx_word' id='word_1_373' title='bbox 1085 4115 1140 4165; x_wconf 78' lang='lat' dir='ltr'><strong><em>pua</em></strong></span> <span class='ocrx_word' id='word_1_374' title='bbox 1160 4097 1336 4150; x_wconf 63' lang='lat' dir='ltr'><strong><em>masena</em></strong></span> <span class='ocrx_word' id='word_1_375' title='bbox 1353 4093 1419 4149; x_wconf 82' lang='lat' dir='ltr'><strong><em>Om-</em></strong></span> 
     </span>
    </p>
   </div>
   <div class='ocr_carea' id='block_1_5' title="bbox 210 4165 1416 4239">
    <p class='ocr_par' dir='ltr' id='par_1_6' title="bbox 210 4165 1416 4239">
     <span class='ocr_line' id='line_1_42' title="bbox 210 4165 1416 4239; baseline 0 -19"><span class='ocrx_word' id='word_1_376' title='bbox 210 4187 213 4195; x_wconf 61' lang='lat'><strong>⁴</strong></span> <span class='ocrx_word' id='word_1_377' title='bbox 303 4167 392 4220; x_wconf 81' lang='lat' dir='ltr'><strong><em>nisam</em></strong></span> <span class='ocrx_word' id='word_1_378' title='bbox 411 4165 446 4222; x_wconf 86' lang='lat' dir='ltr'><strong><em>ds</em></strong></span> <span class='ocrx_word' id='word_1_379' title='bbox 464 4169 687 4239; x_wconf 77' lang='lat' dir='ltr'><strong><em>Amalungsborn</em></strong></span> <span class='ocrx_word' id='word_1_380' title='bbox 705 4171 824 4237; x_wconf 72' lang='lat' dir='ltr'><strong><em>tanatem</em></strong></span> <span class='ocrx_word' id='word_1_381' title='bbox 842 4170 932 4220; x_wconf 68' lang='lat' dir='ltr'><strong><em>auant</em></strong></span> <span class='ocrx_word' id='word_1_382' title='bbox 950 4171 994 4235; x_wconf 81' lang='lat' dir='ltr'><strong><em>(de</em></strong></span> <span class='ocrx_word' id='word_1_383' title='bbox 1011 4185 1066 4236; x_wconf 77' lang='lat' dir='ltr'><strong><em>qua</em></strong></span> <span class='ocrx_word' id='word_1_384' title='bbox 1084 4170 1120 4234; x_wconf 77' lang='lat' dir='ltr'><strong><em>ef.</em></strong></span> <span class='ocrx_word' id='word_1_385' title='bbox 1139 4169 1171 4224; x_wconf 90' lang='lat' dir='ltr'><strong><em>L.</em></strong></span> <span class='ocrx_word' id='word_1_386' title='bbox 1190 4169 1222 4222; x_wconf 78' lang='lat' dir='ltr'><strong><em>cle</em></strong></span> <span class='ocrx_word' id='word_1_387' title='bbox 1240 4168 1416 4233; x_wconf 74' lang='lat' dir='ltr'><strong><em>Hetnmsann,</em></strong></span> 
     </span>
    </p>
   </div>
   <div class='ocr_carea' id='block_1_6' title="bbox 303 4238 1455 4519">
    <p class='ocr_par' dir='ltr' id='par_1_7' title="bbox 303 4238 1455 4519">
     <span class='ocr_line' id='line_1_43' title="bbox 305 4238 1419 4310; baseline 0.001 -20"><span class='ocrx_word' id='word_1_388' title='bbox 305 4239 347 4294; x_wconf 73' lang='grc' dir='ltr'><strong><em>Ἢ.</em></strong></span> <span class='ocrx_word' id='word_1_389' title='bbox 361 4238 474 4292; x_wconf 77' lang='lat' dir='ltr'><strong><em>Arcltia&#39;</em></strong></span> <span class='ocrx_word' id='word_1_390' title='bbox 486 4239 570 4306; x_wconf 87' lang='lat' dir='ltr'><em>XIII,</em></span> <span class='ocrx_word' id='word_1_391' title='bbox 591 4257 622 4308; x_wconf 88' lang='lat' dir='ltr'><strong><em>p.</em></strong></span> <span class='ocrx_word' id='word_1_392' title='bbox 640 4241 765 4308; x_wconf 55' lang='lat' dir='ltr'><strong><em>(meaa),</em></strong></span> <span class='ocrx_word' id='word_1_393' title='bbox 784 4241 925 4296; x_wconf 81' lang='lat' dir='ltr'><strong><em>invenitur.</em></strong></span> <span class='ocrx_word' id='word_1_394' title='bbox 998 4241 1025 4310; x_wconf 89' lang='grc'><strong><em>9)</em></strong></span> <span class='ocrx_word' id='word_1_395' title='bbox 1049 4241 1081 4294; x_wconf 83' lang='lat' dir='ltr'><strong><em>Ut</em></strong></span> <span class='ocrx_word' id='word_1_396' title='bbox 1099 4241 1198 4294; x_wconf 75' lang='lat' dir='ltr'><strong><em>censuit</em></strong></span> <span class='ocrx_word' id='word_1_397' title='bbox 1215 4239 1249 4294; x_wconf 83' lang='lat' dir='ltr'><strong><em>R.</em></strong></span> <span class='ocrx_word' id='word_1_398' title='bbox 1268 4241 1300 4291; x_wconf 81' lang='lat' dir='ltr'><strong><em>de</em></strong></span> <span class='ocrx_word' id='word_1_399' title='bbox 1317 4239 1419 4292; x_wconf 62' lang='lat' dir='ltr'><strong><em>Iailisu·</em></strong></span> 
     </span>
     <span class='ocr_line' id='line_1_44' title="bbox 303 4310 1419 4380; baseline -0.002 -17"><span class='ocrx_word' id='word_1_400' title='bbox 303 4325 379 4376; x_wconf 84' lang='lat' dir='ltr'><strong><em>aron,</em></strong></span> <span class='ocrx_word' id='word_1_401' title='bbox 399 4310 543 4379; x_wconf 63' lang='lat' dir='ltr'><strong><em>‘narina</em></strong></span> <span class='ocrx_word' id='word_1_402' title='bbox 557 4311 625 4376; x_wconf 70' lang='lat' dir='ltr'><strong><em>GQ!</em></strong></span> <span class='ocrx_word' id='word_1_403' title='bbox 640 4311 700 4378; x_wconf 89' lang='lat' dir='ltr'><em>III,</em></span> <span class='ocrx_word' id='word_1_404' title='bbox 726 4328 753 4379; x_wconf 86' lang='lat' dir='ltr'><strong><em>p.</em></strong></span> <span class='ocrx_word' id='word_1_405' title='bbox 774 4319 830 4364; x_wconf 76' lang='lat' dir='ltr'><strong><em>m.</em></strong></span> <span class='ocrx_word' id='word_1_406' title='bbox 926 4313 971 4380; x_wconf 90' lang='grc'><strong><em>10)</em></strong></span> <span class='ocrx_word' id='word_1_407' title='bbox 992 4311 1066 4364; x_wconf 80' lang='lat' dir='ltr'><strong><em>Velut</em></strong></span> <span class='ocrx_word' id='word_1_408' title='bbox 1093 4314 1131 4367; x_wconf 76' lang='lat' dir='ltr'><strong><em>nl.</em></strong></span> <span class='ocrx_word' id='word_1_409' title='bbox 1157 4311 1191 4366; x_wconf 84' lang='lat' dir='ltr'><strong><em>F.</em></strong></span> <span class='ocrx_word' id='word_1_410' title='bbox 1209 4311 1246 4366; x_wconf 88' lang='lat' dir='ltr'><strong><em>X.</em></strong></span> <span class='ocrx_word' id='word_1_411' title='bbox 1265 4310 1362 4377; x_wconf 76' lang='lat' dir='ltr'><strong><em>Wepnle</em></strong></span> <span class='ocrx_word' id='word_1_412' title='bbox 1388 4311 1419 4361; x_wconf 79' lang='lat' dir='ltr'><strong><em>in</em></strong></span> 
     </span>
     <span class='ocr_line' id='line_1_45' title="bbox 304 4379 1455 4450; baseline 0 -18"><span class='ocrx_word' id='word_1_413' title='bbox 304 4379 451 4448; x_wconf 67' lang='lat' dir='ltr'><strong><em>‘Ibitrinp</em></strong></span> <span class='ocrx_word' id='word_1_414' title='bbox 471 4381 536 4447; x_wconf 75' lang='lat' dir='ltr'><strong><em>GQ!</em></strong></span> <span class='ocrx_word' id='word_1_415' title='bbox 554 4382 594 4449; x_wconf 83' lang='grc' dir='ltr'><strong><em>ΙΙ,</em></strong></span> <span class='ocrx_word' id='word_1_416' title='bbox 616 4401 646 4450; x_wconf 89' lang='lat' dir='ltr'><strong><em>p.</em></strong></span> <span class='ocrx_word' id='word_1_417' title='bbox 665 4383 726 4438; x_wconf 75' lang='lat'><strong><em>204.</em></strong></span> <span class='ocrx_word' id='word_1_418' title='bbox 752 4383 783 4435; x_wconf 76' lang='lat' dir='ltr'><strong><em>da</em></strong></span> <span class='ocrx_word' id='word_1_419' title='bbox 806 4381 937 4448; x_wconf 80' lang='lat' dir='ltr'><strong><em>Willtptsa</em></strong></span> <span class='ocrx_word' id='word_1_420' title='bbox 962 4388 1080 4436; x_wconf 85' lang='lat' dir='ltr'><strong><em>narrata</em></strong></span> <span class='ocrx_word' id='word_1_421' title='bbox 1105 4399 1139 4436; x_wconf 75' lang='lat' dir='ltr'><strong><em>esa</em></strong></span> <span class='ocrx_word' id='word_1_422' title='bbox 1165 4381 1244 4436; x_wconf 79' lang='lat' dir='ltr'><strong><em>Oran.</em></strong></span> <span class='ocrx_word' id='word_1_423' title='bbox 1263 4381 1371 4434; x_wconf 78' lang='lat' dir='ltr'><strong><em>Minore</em></strong></span> <span class='ocrx_word' id='word_1_424' title='bbox 1396 4387 1455 4434; x_wconf 70' lang='lat' dir='ltr'><strong><em>etto</em></strong></span> 
     </span>
     <span class='ocr_line' id='line_1_46' title="bbox 303 4451 901 4519; baseline 0.007 -16"><span class='ocrx_word' id='word_1_425' title='bbox 303 4451 435 4506; x_wconf 81' lang='lat' dir='ltr'><strong><em>Iohannis</em></strong></span> <span class='ocrx_word' id='word_1_426' title='bbox 451 4453 535 4506; x_wconf 85' lang='lat' dir='ltr'><strong><em>Rottu</em></strong></span> <span class='ocrx_word' id='word_1_427' title='bbox 556 4469 577 4508; x_wconf 85' lang='lat' dir='ltr'><strong><em>a.</em></strong></span> <span class='ocrx_word' id='word_1_428' title='bbox 589 4455 650 4509; x_wconf 79' lang='lat'><strong><em>245.</em></strong></span> <span class='ocrx_word' id='word_1_429' title='bbox 669 4455 812 4519; x_wconf 76' lang='lat' dir='ltr'><strong><em>composita</em></strong></span> <span class='ocrx_word' id='word_1_430' title='bbox 829 4459 901 4508; x_wconf 80' lang='lat' dir='ltr'><strong><em>sunt.</em></strong></span> 
     </span>
    </p>
   </div>
   <div class='ocr_carea' id='block_1_7' title="bbox 0 0 1616 4990">
    <p class='ocr_par' dir='ltr' id='par_1_8' title="bbox 0 0 1616 4990">
     <span class='ocr_line' id='line_1_47' title="bbox 0 0 1616 4990; baseline 0 0"><span class='ocrx_word' id='word_1_431' title='bbox 0 0 1616 4990; x_wconf 95' lang='lat' dir='ltr'><strong><em> </em></strong></span> 
     </span>
    </p>
   </div>
  </div>
 </body>
</html>
