3188 4990
282 435 336 489 330
371 431 537 487 ORONIOA
549 431 577 490 S.
586 433 703 489 PETRI
714 431 975 488 ERFORDENSIS
986 431 1076 488 MOD.
1095 432 1131 488 A.
1143 434 1220 490 1306.
1232 435 1309 489 1307.

195 622 273 676 1306.
284 615 368 680 alias
390 617 612 700 interpositas
644 638 815 702 personas,
840 617 951 680 multa
975 615 1230 700 pollicitacione
1254 617 1399 699 pecunie

284 705 414 782 habita,
439 706 571 770 dictum
588 709 738 770 castrum
755 706 908 770 obtinuit
924 705 1016 769 tradi
1040 724 1100 770 sue
1116 705 1245 769 dicioni
1256 705 1282 782 1;
1307 706 1399 787 quod

282 793 550 859 Ysinacensibus
574 799 609 860 et
625 796 693 859 toti
707 795 896 878 Thuringie
913 795 1058 858 maxime
1075 793 1182 858 cladis
1199 814 1302 858 causa
1316 795 1397 858 fuit.

196 890 273 944 1307.
389 883 491 947 Anno
521 883 663 948 Domini
685 881 892 948 MOOOVII.
940 881 1060 946 Civesa
1079 876 1326 947 Ysinacensesb
1354 885 1400 947 vi-

284 972 405 1036 dentes
435 992 470 1036 se
502 973 648 1057 opprimi
678 994 699 1036 a
726 977 826 1056 rege⁰
856 972 1022 1037 auxilium
1052 975 1174 1036 contra
1200 971 1289 1036 filios
1312 971 1434 1036 lant-s

282 1062 392 1144 gravii
420 1062 620 1144 frequenter
650 1061 890 1145 postulabant;
915 1055 995 1142 quid
1022 1081 1140 1124 eorum
1170 1061 1400 1145 peticionibus

165 1136 438 1232 ssssssgannuens
467 1150 504 1213 in
532 1151 794 1233 quadragesima
824 1150 995 1232 quendam
1024 1149 1177 1214 nobilem
1200 1148 1332 1213 dictum
1357 1150 1400 1214 de

284 1237 476 1303 Wilnowe²
499 1261 578 1304 cum
601 1259 706 1303 manu
730 1239 845 1303 valida
875 1239 923 1302 eis
947 1238 1057 1316 misit;
1089 1239 1148 1321 qui
1170 1237 1282 1302 fultus
1306 1238 1400 1302 adiu·

281 1328 372 1392 torio
401 1327 537 1392 abbatis
561 1327 762 1392 Fuldensis³
784 1330 894 1391 totam
918 1327 1142 1411 Thuringiam
1173 1327 1340 1391 incendiis
1364 1330 1400 1390 et

282 1416 412 1500 rapinis
436 1417 649 1492 devastabat,
673 1417 858 1498 nullusque
882 1415 914 1480 ei
936 1415 1060 1480 saitem
1084 1420 1166 1500 pr0⁰
1194 1416 1328 1480 modico
1351 1436 1438 1480 re-ro

283 1505 437 1570 sistebat.
480 1499 567 1570 His‘
586 1507 697 1570 frctus
720 1506 756 1570 in
780 1505 856 1569 loco
880 1505 940 1588 qui
954 1505 1249 1569 Ysinnachirburc
1273 1505 1401 1568 dicitur

285 1595 514 1658 municionem
549 1595 667 1672 erexit,
702 1595 739 1658 in
772 1615 841 1677 qua
875 1593 1070 1658 machinam
1104 1593 1199 1670 fecit,
1237 1594 1328 1658 unde
1363 1595 1400 1656 in

283 1683 465 1748 Wartberc
503 1684 702 1749 habitantes
740 1681 914 1766 lapidibus
960 1687 996 1746 et
1041 1682 1162 1747 iaculis
1208 1682 1398 1766 affligebat.

284 1772 408 1836 Postea
431 1772 562 1836 eciamss
580 1776 731 1836 castrum
755 1771 994 1848 Winterstein,
1019 1772 1110 1854 quod
1133 1772 1287 1836 marchio
1309 1775 1401 1836 tene-

284 1861 354 1936 bat,
389 1861 525 1927 obsedit
563 1883 641 1926 cum
680 1861 852 1926 adiutorio
886 1853 1183 1938 Ysinaoensiumh,
1223 1860 1400 1943 nichilque
1412 1882 1438 1922 u

284 1951 426 2034 dignum
462 1951 626 2016 memoria
659 1951 709 2015 ibi
743 1952 894 2033 agentes,
926 1953 1004 2013 octo
1039 1949 1160 2014 diebus
1192 1942 1393 2014 transactis¹

161 2067 164 2073 ·
284 2043 509 2105 recesserunt.
555 2039 654 2104 Idem
677 2040 785 2123 igitur
807 2038 944 2113 nobilis,
968 2059 1047 2102 cum
1070 2038 1182 2102 multa
1205 2036 1297 2101 mala
1312 2039 1401 2101 Thu-

284 2129 394 2211 ringie
418 2128 601 2205 intulisset,
627 2130 772 2212 quadam
798 2128 854 2192 die
878 2147 956 2192 cum
973 2132 1121 2210 quatuor
1143 2127 1312 2191 militibus
1329 2147 1401 2211 per·

286 2237 368 2301 gens
384 2218 428 2281 ad
445 2218 684 2293 municionem,
709 2237 811 2300 quam
835 2217 976 2294 iecerat,
1001 2237 1022 2280 a
1036 2216 1177 2281 famulis
1192 2216 1401 2280 marchionis

286 2307 537 2372 circumventus
572 2310 608 2370 et
645 2307 682 2369 in
720 2305 899 2370 Wartberc
937 2305 1093 2389 captivus
1133 2308 1185 2370 est
1220 2305 1437 2369 deductusao

178 2424 234 2462 nan
243 2423 276 2466 21,
286 2395 414 2459 Eodem
439 2416 528 2459 anno
553 2395 644 2459 circa
666 2395 794 2459 festum
825 2387 964 2459 sanctel
989 2394 1180 2458 trinitatis*
1204 2387 1306 2458 dicti¹
1338 2393 1401 2456 filii

285 2484 471 2566 lantgravii
494 2504 573 2548 cum
596 2483 771 2548 advocatis
802 2484 892 2566 regis
915 2483 1157 2560 Romanorum,
1182 2485 1242 2566 qui
1271 2486 1400 2547 terram

286 2571 529 2636 Orientalemm
561 2573 729 2637 incendiis
763 2575 799 2636 et
831 2572 962 2655 rapinis
996 2572 1233 2649 devastabant,
1269 2571 1401 2636 bellum

285 2681 390 2746 prope
406 2661 580 2726 civitatem
598 2660 767 2725 Luckowe
784 2661 991 2737 habuerunt,
1016 2661 1202 2744 multisque
1222 2660 1401 2724 hincinde

286 2750 415 2826 occisis,
451 2748 515 2813 filii
549 2749 734 2834 lantgravii
767 2750 947 2814 victoriam
984 2750 1220 2828 obtinuerunt,
1257 2768 1298 2813 ex
1332 2748 1439 2812 aliass

286 2842 384 2923 parte
408 2839 527 2902 multis
550 2838 724 2904 nobilibus
747 2839 940 2923 captivatis.

183 2955 278 3004 (rao.
394 2927 522 2993 llodem
546 2949 636 2992 anno
659 2927 750 2992 circa
772 2948 924 2993 mensem
948 2927 1168 3011 Augustum⁵
1192 2927 1282 2990 filius
1311 2926 1402 3009 regis

285 3017 527 3094 Romanorum,
551 3020 636 3082 tunc
652 3017 802 3082 existens
821 3037 881 3081 rex
898 3016 1046 3094 Boemie,
1072 3016 1159 3080 obiit
1181 3015 1401 3092 intoxicatus,

285 3110 326 3170 ut
343 3105 479 3184 dicitur,
503 3106 754 3170 fraudulenter.
787 3105 856 3170 Hic
871 3105 1021 3169 multum
1044 3104 1230 3169 laudabilis
1246 3109 1282 3169 et
1297 3102 1402 3168 omni-

286 3196 350 3261 bus
374 3201 493 3260 carus¹¹
519 3195 599 3259 tuit.
639 3194 734 3274 Quo⁰
763 3195 928 3259 defuncto
951 3193 1071 3259 Boemi
1095 3197 1215 3258 contra
1237 3193 1440 3257 iusiuranso

159 3311 226 3360 (aaa.
234 3311 278 3355 ιω.
287 3285 381 3360 dum,
406 3284 498 3368 quod
522 3285 595 3367 regi
617 3284 851 3348 Romanorum
880 3283 1045 3358 fecerant,
1071 3283 1193 3347 ducem
1218 3282 1402 3345 Kerinthie

186 3373 343 3449 *anesin
366 3394 482 3457 regem
506 3373 644 3438 sibimet
667 3372 857 3456 elegerunt.
896 3373 969 3436 Rex
991 3372 1099 3456 igitur
1122 3391 1281 3455 magnam
1306 3389 1402 3454 expe·

211 3489 278 3539 (ra.)
288 3462 458 3528 dicionem
482 3466 603 3528 contra
626 3461 771 3527 Boemos
796 3461 912 3536 movit,
937 3464 973 3525 et
995 3464 1151 3544 tempore
1173 3460 1292 3525 messis
1315 3458 1402 3522 Thu·

288 3653 310 3704 a)
325 3653 389 3694 Cives
404 3675 430 3684 -
444 3653 528 3694 Eodem
542 3664 601 3694 anno
615 3654 629 3694 i.
643 3653 676 3695 21.
691 3664 732 3692 om.
748 3653 775 3693 Ε.
843 3652 866 3700 b)
881 3652 959 3694 stsc.
973 3653 1010 3702 2²3
1032 3653 1102 3694 Isnac.
1116 3651 1149 3694 il.
1216 3653 1236 3698 c)
1250 3652 1280 3690 cic
1295 3652 1313 3693 1.
1327 3649 1352 3688 Β.
1371 3649 1404 3696 Ν,-

289 3707 380 3747 Alberto
396 3706 518 3750 mamb,
572 3705 596 3758 d)
610 3707 695 3755 Quibus
708 3707 740 3748 2¹.
794 3704 815 3755 e)
829 3707 860 3744 sic
874 3708 892 3748 1.
907 3706 933 3747 R.
950 3705 984 3753 N‚·
1003 3703 1098 3748 {nun-b,
1159 3703 1299 3753 sslilch;
1323 3705 1343 3744 ls
1358 3703 1404 3746 112.
1414 3707 1441 3749 35

287 3765 311 3810 3)
325 3761 367 3800 llic
381 3759 438 3803 Μ.
493 3760 662 3812 h)1sluac.2¹;
683 3758 802 3800 lanceae.
863 3759 879 3807 l)
893 3759 923 3796 sic
938 3758 958 3806 1;
980 3759 1079 3798 transilla
1092 3756 1151 3798 Μ.
1164 3758 1191 3800 12.
1244 3757 1268 3806 k)
1283 3768 1324 3800 om,
1338 3758 1363 3800 li,
1378 3757 1404 3800 R,

289 3813 305 3864 l)
319 3815 370 3856 trin.
384 3811 531 3866 Tbed[srlcus
545 3819 569 3854 ct
582 3811 733 3866 Predprmus]
748 3813 774 3856 Ε.
814 3815 845 3859 m)
859 3822 952 3852 cauas
965 3813 998 3858 (ti
1007 3810 1126 3861 procis)
1140 3811 1309 3860 emptionis
1324 3812 1403 3850 Thn-

290 3867 496 3916 maglocune,
536 3865 951 3916 nJessmsblllsfflumdali.
992 3864 1404 3916 0)Quo—ecloendap.831,1.2e.

289 3933 332 3960 om.
346 3921 372 3963 Ε.

291 4063 317 4128 1)
342 4062 407 4113 Vide
432 4067 535 4114 cariam
560 4063 666 4116 Altaria·
689 4063 838 4128 lantgravii
860 4063 885 4117 d.
911 4061 937 4116 d.
962 4063 1103 4129 Wciipcry
1129 4064 1206 4117 1307.
1232 4061 1342 4127 (Iani)
1362 4063 1442 4125 laio

296 4131 401 4198 Weqclc,
423 4133 575 4186 ‘Friedrich
593 4134 618 4189 d.
638 4131 775 4200 arouae’
790 4151 820 4202 p.
833 4135 886 4189 445
898 4149 946 4200 aa,
965 4149 1008 4187 nr.
1023 4135 1064 4188 ῐ8.
1154 4133 1182 4200 2)
1202 4133 1303 4184 Nomen
1322 4132 1406 4184 lisias·

288 4205 342 4255 vici
365 4205 390 4255 ci
406 4204 491 4268 fuisse
508 4207 613 4257 coniecit
630 4205 727 4272 Wepcle
752 4204 768 4259 l.
788 4203 805 4256 l.
827 4221 856 4272 p.
876 4207 937 4270 282,
964 4219 990 4258 a.
1010 4207 1033 4258 l.
1070 4204 1122 4256 Sed
1145 4205 1180 4269 cf.
1199 4204 1223 4258 I.
1237 4204 1357 4256 Rideam
1375 4205 1404 4254 in

290 4274 427 4328 ‘Zeiisciia
446 4276 468 4340 f.
488 4274 565 4328 Heus.
580 4275 670 4330 Gescb.
688 4277 722 4330 N.
735 4276 780 4330 F!
800 4275 850 4340 IX,
869 4294 895 4344 p.
909 4277 941 4330 61
948 4313 956 4340 ,
975 4292 1002 4330 a.
1014 4277 1083 4344 211;
1108 4274 1212 4341 Weiwic,
1233 4274 1317 4328 ‘Heca
1331 4274 1406 4325 Lun-

289 4345 428 4412 capaci!
446 4347 514 4413 Lp.
528 4348 588 4402 570.
660 4348 687 4414 3)
706 4346 831 4399 Heinrici
844 4347 874 4400 V.
893 4347 924 4399 de
938 4347 1064 4400 Wilncwc
1081 4347 1244 4411 (Wcilnau).
1315 4347 1343 4412 4)
1361 4345 1403 4410 Cf.

290 4419 368 4482 infra
383 4435 411 4485 p.
425 4419 486 4483 332,
505 4433 531 4473 n.
545 4419 569 4472 6.
642 4419 669 4486 5)
686 4418 779 4471 Potius
797 4418 853 4468 ium
870 4417 923 4471 Iul,
935 4418 960 4470 4.
1415 4431 1443 4471 sc
