3162 5022
299 459 353 512 224
442 454 608 510 CRONIOA
621 454 649 511 S.
659 453 776 509 PETRI
786 453 1047 509 ERFORDENSIS
1059 453 1150 510 MOD.
1170 454 1206 508 A.
1219 458 1296 511 1219.

201 619 290 700 ‚1212
300 633 356 686 viri
373 633 487 702 reperiri
505 637 622 702 possent,
641 636 786 701 sumptue²
807 633 893 686 eciam
919 632 954 685 ad
972 631 1137 701 reparandos
1155 648 1249 686 muros
1266 632 1418 686 Ierusalem

171 689 291 732 ⁰''”·⁶·¹⁶·
300 704 435 776 redderet,
462 705 573 773 insuper
600 709 700 758 totum
724 721 840 774 regnum
866 702 1117 758 Ierosolimitanum
1145 704 1302 758 restitueret
1326 709 1419 774 preter

300 775 417 830 &acum
445 780 473 829 et
489 773 772 844 Mentem-regalem,
791 792 841 843 pro
860 775 958 842 quibus
984 774 1135 828 retinendis
1153 775 1288 828 tributum
1307 775 1418 842 obtulit,

301 846 430 916 quamdiu
448 851 546 916 treuga
564 846 683 900 duraret.
714 844 787 914 Qua
806 845 860 898 duo
879 849 999 900 castra
1017 845 1047 899 in
1064 845 1170 900 Arabia
1188 847 1239 900 sita
1257 844 1418 913 Ierusalem,

301 918 521 985 cumvoluerint,
540 917 661 988 graviter
679 917 714 970 in
727 917 813 970 vineis
831 921 892 970 eta
930 917 935 927 '
968 916 1061 970 ledere
1079 921 1219 985 possunt.
1250 915 1453 972 Heraeam-5

299 989 468 1058 posicionem
495 988 690 1057 acceptandam
718 1004 776 1042 esse
803 993 830 1041 et
857 935 953 1042 retiarii
976 987 1174 1042 christianitati
1191 1005 1242 1042 rex
1260 993 1288 1043 et
1305 988 1418 1042 Franci·

299 1077 379 1131 gene,
406 1076 497 1114 comes
523 1059 629 1113 Zestrie
656 1076 718 1113 cum
747 1059 896 1128 capitaneis
923 1059 1137 1113 Teutonicorum
1165 1064 1337 1128 censuerunt,
1366 1059 1418 1114 nisi

300 1147 366 1184 sano
397 1131 509 1184 consilio
541 1130 579 1184 eis
609 1136 680 1184 esset
707 1131 854 1185 obviatum.
897 1129 1018 1199 Legatos
1045 1135 1136 1184 autem
1164 1148 1226 1185 cum
1252 1131 1418 1202 patriarcha,

300 1201 520 1272 archiepiscopis,
538 1201 709 1271 Templariis,
729 1199 942 1271 Hospitalariisb
965 1204 994 1254 et
1020 1202 1147 1255 omnibus
1164 1201 1246 1257 Italia
1269 1201 1419 1271 capitaneis

301 1274 447 1341 multisque
464 1273 524 1327 aliis
541 1271 723 1342 prudentibus
740 1273 805 1326 viris
824 1271 972 1326 efficaciter
998 1272 1062 1326 huic
1086 1273 1216 1326 mactetui
1234 1291 1263 1327 se
1281 1290 1317 1342 op
1337 1273 1418 1340 osuit,
1430 1285 1458 1322 ro

300 1343 506 1399 racionabiliter
524 1344 669 1398 ostendens
687 1347 750 1397 ante
763 1343 856 1397 omnia
867 1343 1023 1397 Damiatam
1041 1343 1101 1397 iore
1120 1344 1289 1412 capiendam.
1316 1292 1418 1413 Bpinio

301 1417 393 1469 enim
421 1415 528 1469 diversa
554 1415 676 1484 reperitc
702 1415 875 1482 discordiam,
903 1413 1000 1482 quia<¹
1023 1415 1078 1467 cito
1105 1415 1199 1468 sedata
1225 1416 1279 1469 fuit
1305 1420 1420 1484 propter

207 1497 237 1546 rr.
245 1499 291 1542 158.
301 1503 474 1540 communem
492 1487 690 1554 necessitatem,
710 1485 895 1555 quoniame
913 1488 1054 1554 'magnam
1071 1485 1276 1540 multitudinem
1293 1486 1418 1555 peditum

300 1559 424 1612 clanculo
454 1575 504 1626 per
530 1559 591 1611 loca
620 1557 752 1626 palustria
779 1556 906 1610 soldanus
933 1556 1008 1609 misit
1035 1555 1091 1609 ads
1120 1557 1271 1626 civitatem,
1299 1574 1418 1626 quorum

208 1641 290 1684 aava.
300 1627 420 1682 OGOXL
433 1627 592 1682 Christianis
610 1627 808 1682 dormientibus
826 1628 908 1681 liceas
921 1627 1032 1681 fuerunt
1049 1629 1163 1698 ingressi
1181 1628 1318 1682 dominica
1336 1633 1456 1682 noctem

302 1704 365 1769 post
383 1699 483 1753 festum
502 1700 624 1753 omnium
643 1703 808 1754 sanctorum.
837 1697 961 1752 Tandem
979 1715 1028 1767 per
1047 1699 1194 1753 clamorem
1207 1700 1320 1770 vigilum
1335 1699 1417 1754 occisi

192 1767 247 1806 ''i-⁶·
258 1768 289 1806 ¹⁷·
300 1777 363 1824 sunt
380 1776 409 1824 et
427 1771 508 1840 capti,
527 1770 586 1838 qui
605 1771 639 1824 ad
652 1769 696 1823 CO
715 1769 869 1838 conputati
888 1774 977 1826 sunt.
1008 1769 1132 1838 Igitur
1148 1769 1241 1824 Nonas
1253 1770 1418 1825 Novembris

208 1819 381 1911 N⁰‘'⁵'capta
399 1846 439 1896 est
456 1842 584 1896 Damiata
602 1843 704 1910 absque
722 1841 873 1908 dedicione,
892 1840 950 1895 sine
968 1839 1135 1910 defensione,
1154 1842 1212 1896 eine
1230 1841 1352 1896 violenta
1369 1842 1417 1896 de·

299 1913 473 1983 predacione,
501 1917 531 1966 ut
558 1913 610 1966 soli
637 1912 694 1966 filio
719 1912 771 1966 Dei
796 1912 912 1968 victoria
930 1911 1070 1966 evidenter
1089 1913 1261 1968 asscribatur.
1298 1911 1419 1967 Etcum

300 1989 444 2053 caperetur
474 1984 568 2038 civitas
598 1985 627 2038 in
655 1988 851 2053 conspectu
882 1983 1041 2051 soldani,
1069 2000 1146 2038 more
1173 1984 1254 2037 solito
1280 2001 1337 2038 non
1364 1984 1454 2039 fuitao

299 2072 379 2109 ausus
406 2056 612 2109 bellatores
634 2054 733 2108 Christi
760 2054 796 2108 ad
823 2053 1010 2108 defensionem
1034 2059 1144 2122 paratos
1171 2071 1267 2124 super
1284 2054 1418 2110 fossatum

299 2127 459 2196 ipsorum
478 2125 600 2196 aggredi,
619 2125 680 2179 sed
699 2125 825 2179 confusus
838 2130 926 2179 castra
944 2142 1006 2178 sua
1024 2125 1163 2179 conbuseit
1181 2130 1208 2180 et
1226 2126 1305 2196 fugit.
1335 2125 1418 2180 Hanc

300 2198 396 2252 urbem
408 2197 495 2252 vitula
508 2197 687 2264 conternanti,
707 2214 760 2265 que
771 2196 858 2250 tercio
877 2201 949 2250 terre
961 2199 1039 2250 motu
1057 2197 1187 2251 subversa
1206 2201 1254 2265 eet,
1272 2214 1417 2266 possumus

299 2267 479 2326 assimilares.
516 2267 641 2322 Vitulam
659 2271 773 2337 propter
791 2268 848 2322 eius
865 2267 1019 2335 lasciviam3
1038 2267 1157 2336 piscibus
1176 2267 1257 2336 enim,
1276 2269 1371 2322 avibus
1390 2273 1418 2322 et

298 2339 415 2409 pascuis,
433 2339 580 2408 frumento,
600 2339 666 2392 ortis
694 2343 722 2392 et
745 2339 875 2408 pomeriis
900 2338 1057 2405 abundavit,
1075 2339 1254 2410 negociando,
1273 2339 1417 2409 piraticam
1427 2354 1454 2394 aa

300 2410 452 2464 exercendo
480 2409 584 2464 deliciis
611 2408 739 2464 affluxith
760 2410 789 2463 in
815 2411 903 2478 culpa,
921 2409 1080 2479 pereffluxit
1097 2411 1125 2464 in
1143 2409 1277 2480 gehenna,
1296 2410 1344 2465 sed
1362 2428 1417 2464 une

299 2481 368 2534 hora
392 2480 467 2534 venit
494 2481 624 2534 iudicium
652 2481 717 2536 eius.
754 2480 968 2535 conternantem
995 2481 1120 2542 dicimus,
1139 2482 1202 2550 quia
1226 2481 1302 2549 quasi
1329 2481 1416 2535 tercio

300 2559 373 2606 terre
391 2556 469 2605 motu
487 2552 656 2606 habitatores
674 2552 731 2606 eius
748 2552 897 2621 perierunt,
915 2552 973 2622 ipsa
1000 2557 1093 2606 tamen
1111 2553 1218 2622 integra
1236 2556 1417 2608 remanente.

299 2623 327 2677 A
345 2621 441 2676 Grecis
468 2627 496 2676 et
513 2621 618 2676 Latinis
645 2623 733 2692 primo
755 2621 807 2676 fuit
826 2624 940 2692 obsessa,
960 2623 1006 2692 qui
1026 2623 1060 2676 ab
1080 2639 1111 2677 ea
1130 2623 1298 2691 deiecerunt,
1317 2623 1417 2678 deinde

299 2692 434 2748 aLatinis
453 2695 502 2748 sub
515 2693 654 2748 Almerico
673 2711 739 2764 rege
757 2692 983 2762 Iarosolimitano,
1002 2694 1047 2763 qui
1066 2711 1122 2748 non
1140 2693 1324 2762 proiecerunt.
1352 2694 1453 2749 Haeac

300 2769 417 2818 autem
429 2765 490 2820 vice
507 2782 556 2819 rex
574 2781 670 2835 regum
688 2765 771 2820 servis
788 2765 842 2819 suis
860 2763 947 2834 ipsam
965 2764 1085 2821 tradidit.
1115 2765 1176 2819 Tali
1188 2765 1257 2819 duce
1270 2763 1417 2819 Christiani

298 2836 454 2890 Damiatam
472 2836 586 2907 ingressi
604 2837 708 2905 plateas
727 2837 783 2890 eiua
801 2837 966 2890 invenerunt
984 2839 1081 2889 stratas
1098 2836 1276 2890 cadaveribus
1293 2841 1416 2890 mortuo·

298 2925 368 2979 mm,
386 2907 547 2976 pestilencia
565 2915 593 2963 et
611 2907 684 2961 fame
703 2906 899 2976 deiiciencium,
919 2925 1016 2961 aurum
1036 2911 1063 2961 et
1079 2912 1223 2978 argentum
1240 2907 1329 2975 nimis,
1348 2924 1415 2977 pan·

298 2996 347 3033 nos
365 2977 465 3032 sericos
482 2979 689 3049 negociatorem
708 2979 736 3032 in
752 2978 950 3047 habundancia,
976 2983 1062 3033 restes
1087 2978 1222 3048 preciosas
1241 2982 1415 3032 stornatum

299 3067 360 3104 cum
380 3050 475 3104 omni
493 3049 676 3120 suppellectili
694 3049 722 3102 in
741 3049 1021 3118 superhabundancia.
1425 3063 1452 3104 aa

205 3152 288 3200 saar.
405 3125 482 3192 Hoc
512 3127 620 3193 eciam
650 3147 740 3190 anno
770 3127 806 3190 in
835 3125 955 3209 vigilia
984 3126 1110 3210 pasche
1138 3125 1317 3191 Osinradue
1348 3127 1414 3211 epi·

298 3237 420 3301 scopus
443 3216 486 3281 de
510 3215 680 3300 Syehcm¹
704 3214 894 3299 Erpbordie
924 3215 1061 3279 ordines
1092 3214 1278 3279 celebravit
1304 3215 1342 3278 in
1365 3235 1415 3280 ec·

192 3277 403 3390 Nffiss'cleeia
426 3307 543 3369 sancte
566 3305 685 3369 Maria.
787 3303 864 3367 Hoc
888 3297 1013 3368 eciam¹
1044 3323 1134 3368 anno
1158 3309 1280 3368 octava
1303 3303 1415 3368 sancti

298 3394 462 3459 Μιιιίἱιιί2
485 3393 679 3459 Fridericus
701 3413 761 3457 rex
783 3414 804 3456 a
827 3413 917 3476 papa
940 3391 1095 3457 Honorio
1118 3391 1287 3476 imperiali
1312 3391 1414 3456 subli-

191 3507 246 3550 roa.
254 3508 286 3548 ιι.
297 3487 413 3548 matur
441 3482 689 3558 benedictione,
721 3485 757 3545 et
786 3481 945 3565 sequenti
969 3481 1023 3545 die
1045 3481 1166 3564 regina
1188 3475 1246 3543 in¹‘
1271 3480 1451 3564 impera-rc

200 3560 286 3656 ''jssffij
296 3573 418 3638 tricem
428 3571 449 3634 ³.
558 3569 634 3636 Hoc
658 3564 788 3636 eciamk
814 3569 928 3634 auno4
957 3569 1092 3634 *Nonas
1116 3569 1199 3633 Iulii
1226 3569 1413 3635 translacio

296 3836 319 3882 a)
333 3832 436 3883 sumptos
450 3836 469 3876 1.
483 3833 509 3875 R.
564 3833 587 3882 b>
600 3834 631 3872 etc
645 3833 671 3875 R.
685 3832 754 3880 Oltc.,·
768 3842 810 3872 om.
826 3833 845 3870 1.
901 3830 922 3880 a)
935 3831 966 3871 stc
981 3833 999 3873 1.
1013 3832 1046 3880 1²5
1060 3832 1148 3881 peperit
1162 3830 1216 3874 oliv.
1265 3827 1289 3879 d)
1302 3832 1333 3870 ets
1347 3831 1366 3874 1.
1380 3831 1414 3878 115

297 3897 339 3935 que
353 3887 408 3930 Oltr.
461 3891 482 3931 aa
497 3885 547 3935 qma
563 3889 581 3930 1.
636 3885 697 3934 nair
710 3886 737 3927 Β.
751 3885 817 3934 01tv.,·
831 3895 845 3924 a
860 3887 877 3928 1.
938 3883 961 3936 p)
974 3886 1097 3925 mamurra
1113 3885 1167 3928 LR.
1220 3883 1244 3934 h)
1257 3885 1288 3923 stc
1303 3885 1352 3924 1.B
1365 3895 1413 3922 cam

296 3939 469 4044 {affiligitur-tf)
483 3939 572 4036 ‘effinxit
585 3940 639 3984 olto.
697 3937 714 3989 t)
732 3936 818 3978 Eodem
832 3937 853 3976 Ε
865 3941 916 3988 poet
935 3937 1095 3988 processionem
1114 3949 1182 3987 supra
1196 3949 1222 3986 p,
1235 3937 1282 3987 216,
1303 3937 1319 3976 l.
1334 3939 1366 3980 11.
1381 3939 1411 3976 ad

298 4221 323 4290 1)
349 4221 497 4290 Epsbccpus
521 4220 749 4275 Haliartum
773 4221 915 4290 ostendam,
941 4239 967 4274 c.
986 4224 1064 4278 1209.
1089 4221 1234 4276 marchae
1257 4219 1449 4271 indubitantes

295 4291 513 4358 (Se'tts'ebenboch)
535 4293 633 4356 factus.
723 4293 751 4362 2)
777 4293 869 4346 Potius
886 4309 912 4347 a.
928 4295 1005 4348 1220.
1024 4293 1144 4349 Noa22.
1234 4291 1262 4356 3)
1284 4289 1412 4342 Imitatus

296 4365 381 4417 lomere
399 4379 424 4418 a.
439 4365 516 4429 1191,
543 4379 629 4432 utapro
649 4381 678 4431 p.
694 4367 753 4428 lac,
778 4369 871 4416 nudor
895 4364 968 4428 sclao
992 4364 1064 4416 diua
1088 4367 1209 4432 rapinam
1233 4363 1351 4430 metenti
1369 4362 1412 4414 die

295 4441 472 4488 camaracam
490 4450 550 4490 aeae.
621 4436 649 4502 4)
669 4435 729 4490 Scri.
750 4437 827 4490 1220.
