3136 4990
312 471 347 525 42
429 467 456 523 S.
473 466 590 522 PETRI
607 464 869 524 ERPHESFURT,
888 462 1150 520 CONTINUATIO
1168 461 1314 518 ΕΚΚΕΗ.

226 658 303 711 1135.
314 651 488 716 consensit
510 653 662 716 vocatus.
709 651 823 714 Affuit
853 651 958 714 etiam
989 649 1059 712 dux
1089 647 1308 712 Boemiorum
1331 646 1435 710 Udal-

313 740 414 816 ricus,
446 740 505 823 qui
535 761 613 804 cum
643 743 733 804 esset
757 739 854 803 ducis
877 738 1085 802 Polenorum
1108 736 1351 801 infestissimus
1374 735 1436 799 ini·

314 828 432 906 micus,
468 828 705 894 reconciliavit
739 849 796 894 eos
830 829 978 892 invicem
1012 827 1200 910 imperator
1237 824 1434 889 Lotharius.

315 918 494 983 Venerunt
523 938 658 1001 quoque
689 919 733 982 ad
762 918 1004 1002 imperatorem
1033 914 1154 979 eodem
1176 918 1331 999 tempore
1366 914 1436 977 dux

314 1027 403 1070 unus
437 1011 472 1071 et
503 1007 682 1091 episcopus
712 1028 733 1070 a
766 1025 846 1091 rege
881 1005 976 1069 missi
1000 1003 1162 1069 Gratiae¹
1197 1023 1276 1068 cum
1310 1002 1470 1086 legatiss

315 1096 412 1160 ducis
447 1095 613 1161 Venetiae
623 1099 644 1172 ²,
685 1097 933 1178 conquerentes
975 1097 1078 1177 atque
1116 1092 1282 1156 iudicium
1322 1094 1437 1175 postu·

314 1185 427 1250 lantes
465 1185 628 1249 adversus
661 1181 861 1266 Rdggerum
899 1184 1071 1266 quendam
1108 1183 1288 1247 comitem,
1308 1181 1436 1257 Sicilie,

314 1275 374 1356 qui
394 1277 429 1338 et
452 1275 526 1357 regi
542 1273 682 1339 Gretiae
698 1273 874 1351 Affrioam,
899 1292 986 1355 quae
1001 1272 1110 1336 tercia
1125 1291 1204 1355 pars
1227 1270 1347 1333 mundi
1364 1289 1437 1335 esse

316 1363 508 1427 dinoscitur
517 1362 537 1439 ³,
578 1363 680 1426 armis
723 1363 952 1446 expugnando
987 1381 1065 1425 cum
1106 1359 1249 1444 paganis
1290 1358 1438 1423 abstulit

315 1472 445 1534 suoque
488 1452 640 1516 dominio
675 1451 840 1528 subdidit,
882 1451 999 1534 ibique
1034 1450 1194 1513 diadema
1229 1449 1328 1532 regni
1371 1448 1483 1511 sibim

315 1541 506 1625 imponens,
532 1541 665 1623 regium
689 1561 816 1604 nomen
838 1541 1027 1623 usurpavit,
1057 1537 1241 1602 Veneticos
1271 1557 1351 1601 vero
1383 1537 1437 1601 de·

317 1629 476 1713 spolians,
503 1630 715 1694 diversarum
737 1629 903 1694 mercium
918 1628 1151 1711 quadraginta
1172 1625 1308 1689 milium
1330 1625 1438 1690 talen·

316 1723 432 1782 torum
466 1718 613 1782 abstulit
647 1719 810 1802 precium.
857 1717 925 1782 Sed
960 1719 995 1782 et
1030 1717 1073 1780 de
1105 1715 1251 1800 imperio
1281 1714 1438 1779 Romano

317 1810 429 1871 totam
445 1807 608 1892 Apuliam
640 1811 744 1891 atque
766 1806 962 1871 Calabriam
985 1805 1167 1882 subtraxit,
1199 1804 1335 1888 aliaque
1366 1825 1437 1887 per

317 1895 419 1981 plura
434 1899 556 1960 contra
578 1897 631 1960 ius
654 1897 776 1979 fasque
799 1895 1020 1980 perpetravit.
1061 1892 1191 1958 Oontra
1214 1894 1307 1957 hunc
1330 1892 1439 1976 igitur
1450 1912 1474 1953 a

317 1986 570 2069 promittuntur
593 2007 614 2049 a
639 1985 761 2069 legatis
785 1985 830 2049 ad
846 1984 1125 2068 supplementum
1149 1983 1319 2048 exercitus
1335 1982 1439 2065 impe·

317 2075 442 2138 ratoris
465 2095 568 2139 naves
593 2075 761 2158 copiosae,
786 2074 935 2137 militum
959 2073 1112 2155 legiones
1127 2072 1337 2148 innumerae,
1363 2072 1439 2134 auri

318 2168 354 2228 et
388 2164 525 2247 argenti
559 2164 603 2227 ad
637 2183 773 2228 omnem
812 2163 1009 2226 huiusmodi
1043 2181 1158 2226 rerum
1193 2159 1438 2224 sufficientiam

317 2254 494 2337 pecuniae.
526 2251 673 2332 Quantis
690 2273 729 2316 ac
750 2251 910 2335 qualibus
926 2250 1025 2315 donis
1042 2270 1082 2314 eo
1096 2254 1252 2334 tempore
1268 2249 1439 2313 Dominus

318 2342 539 2406 honoraverit
562 2342 814 2424 imperatorem,
838 2341 915 2424 quis
939 2339 1110 2423 explicare
1134 2337 1267 2422 possit?
1294 2339 1474 2414 Aurum,so

318 2430 451 2514 lapides
475 2430 644 2513 preciosos
675 2430 781 2513 legati
812 2429 1028 2494 attulerunta
1056 2427 1199 2493 Greciae
1230 2447 1308 2492 cum
1332 2427 1440 2491 direr-

317 2539 433 2582 sorum
457 2519 610 2583 colorum
630 2539 792 2603 purpura,
818 2522 972 2584 aromata
995 2518 1107 2580 multa
1128 2517 1231 2580 nimis
1253 2519 1290 2580 et
1313 2515 1350 2578 in
1374 2517 1439 2580 hac

317 2611 411 2672 terra
433 2608 602 2672 hactenus
625 2608 812 2691 incognita.
859 2607 928 2671 Sed
957 2611 993 2671 et
1021 2607 1091 2670 dux
1113 2605 1278 2670 Poloniae
1302 2605 1439 2688 duxque

318 2696 480 2761 Boemiae
496 2697 604 2781 pellas
620 2689 748 2780 grisasb
777 2700 880 2780 atque
904 2695 1112 2760 mardalinas
1136 2714 1214 2758 cum
1237 2694 1341 2757 variis
1364 2695 1439 2757 auri

318 2789 355 2849 et
388 2786 524 2868 argenti
566 2785 779 2869 aliarumque
813 2785 1045 2870 preciosarum
1085 2805 1199 2848 rerum
1238 2783 1473 2848 muneribusss

317 2877 417 2938 tanta
440 2874 633 2938 afferebant
663 2875 770 2958 copia,
799 2877 839 2937 ut
868 2874 986 2938 nullus
1009 2876 1202 2956 superesset
1233 2872 1436 2956 principum,

318 2963 377 3046 qui
399 2963 454 3027 vel
471 2964 596 3028 ducum
620 2963 759 3027 illorum
783 2963 838 3028 vel
853 2963 1070 3048 imperatoris
1086 2961 1286 3025 muneribus
1309 2981 1345 3026 se
1369 2981 1438 3024 non

317 3052 486 3135 gauderet
523 3054 741 3117 honoratum.
794 3052 827 3115 N
830 3072 868 3117 ec
912 3053 1026 3115 minus
1064 3051 1155 3134 regis
1193 3049 1439 3134 Ungariensis⁴

317 3141 436 3204 nuncii
458 3143 698 3226 imperatorem
730 3163 809 3206 cum
832 3141 955 3206 ceteris
979 3139 1192 3225 principibus
1214 3139 1436 3214 letificarunt,

318 3230 378 3314 qui
401 3231 578 3294 dominum
602 3251 701 3294 suum
734 3232 778 3295 ad
808 3250 944 3294 omnem
974 3229 1190 3314 imperatoris
1219 3227 1474 3292 voluntatemso

319 3340 397 3383 cum
421 3320 491 3383 suis
514 3319 673 3383 omnibus
696 3320 951 3404 paratissimum
975 3318 1194 3382 nuntiarunt.

212 3418 308 3468 sorra
424 3408 573 3473 Rursum
609 3409 799 3493 imperator
836 3407 986 3472 curiame
1030 3409 1121 3472 circa
1157 3407 1287 3471 festum
1325 3405 1438 3469 sancti

318 3497 524 3562 Michahelis
547 3497 584 3561 in
600 3496 791 3581 Thuringia
813 3497 850 3560 in
865 3496 950 3561 villa
965 3497 1061 3581 regis
1076 3489 1286 3560 Millehuson
1301 3494 1436 3572 habuit,

318 3586 379 3650 ubi
414 3585 595 3651 Otnradus
629 3587 739 3650 frater
773 3585 940 3650 Friderioi
974 3586 1081 3662 ducis,
1118 3586 1176 3669 qui
1211 3583 1277 3648 sibi
1312 3603 1437 3648 nomen

318 3675 450 3759 regium
474 3677 663 3761 usurpavit,
688 3675 835 3760 gratiam
857 3675 1075 3759 imperatoris
1099 3673 1291 3758 acquisivit.
1327 3670 1472 3751 Quernas

317 3763 506 3848 imperator
540 3764 687 3848 benigne
718 3763 916 3848 suscipiens,
956 3763 1073 3827 omnia
1096 3783 1183 3847 quae
1221 3761 1316 3825 illius
1355 3764 1437 3826 ante

317 3852 458 3916 fuerant
478 3854 643 3931 restituit,
667 3853 770 3937 regiis
794 3852 895 3917 donis
911 3853 1103 3929 honoravit,
1129 3852 1174 3916 ad
1196 3851 1335 3936 propria
1358 3870 1437 3913 cum

317 3940 428 4025 gloria
449 3941 562 4006 redire
586 3943 750 4025 permisit.

317 4129 340 4182 a)
354 4131 392 4173 Gr.
406 4136 447 4175 stt.
460 4133 486 4175 Ε.
500 4132 525 4175 P.
578 4131 602 4183 b)
615 4133 646 4171 alc
661 4135 680 4176 1.
693 4131 724 4184 E;
739 4133 823 4181 grinon
838 4133 863 4175 P.
918 4131 938 4184 c)
952 4141 1014 4172 suam
1029 4131 1082 4172 add.
1096 4131 1124 4171 Ε.
1139 4131 1165 4172 P.

318 4293 345 4360 1)
363 4292 483 4344 Iohanne
502 4293 638 4347 mammo.
676 4292 1223 4362 Of.Ann.S.Petrr'ont,suprap.17.
1313 4292 1342 4359 2)
1364 4290 1472 4342 Petrilo

317 4364 421 4416 Polom'.
512 4364 540 4430 3)
564 4363 654 4416 Orosii
675 4363 748 4419 Hiat.
775 4363 803 4431 l,
830 4367 866 4419 2:
895 4362 1022 4417 Africam
1135 4379 1198 4417 cum
1226 4361 1337 4415 tertiam
1364 4361 1437 4415 orbis

315 4437 423 4503 partem
442 4434 559 4488 maiores
576 4433 662 4489 nostri
681 4433 866 4503 accipiendam
885 4433 1085 4502 descripserint.
1157 4434 1185 4499 4)
1202 4433 1283 4486 Balce
1300 4433 1340 4487 II.
