3130 4990
276 465 446 524 01³0ch
465 470 495 527 S.
506 469 623 526 PETRI
640 469 902 526 ERFORDENSIS
919 469 1118 527 MODERNA.
1208 476 1258 528 127

53 649 351 718 ‘ear-deconeusem
380 659 556 734 seq-nentem
580 654 631 718 *de
659 653 807 718 incendio
830 653 1009 733 Erfordiae
1031 653 1083 719 die
1105 655 1187 737 Ape.
1207 661 1256 718 13.

146 746 245 803 erorto
273 741 409 806 relatum
439 742 489 822 sit,
513 749 611 824 potet,
642 764 702 825 quo
731 744 796 808 loeo
825 743 902 808 llaec
925 763 1008 823 pars
1037 743 1170 822 clesinat,
1198 765 1258 824 quo

146 833 271 910 tempore
294 851 332 894 ea
355 829 452 910 finito
475 831 526 896 sit.
569 831 687 896 Ornnia
708 831 784 896 inde
806 833 846 896 alr
869 853 900 895 a.
921 837 1015 896 1276.
1035 832 1257 914 praecedentia

144 915 238 980 eidem
260 918 386 983 auctori
408 919 576 984 tribuenda
598 927 680 1001 scint,
704 920 760 1001 arci
781 920 819 985 in
837 921 932 1002 lonae
948 919 1136 985 narratione
1159 920 1260 986 cladis

113 1003 283 1071 ⁵Ottocari
306 1029 337 1072 u.
359 1013 452 1074 1278.
476 1009 544 1074 iam
571 1009 620 1074 rei
642 1031 672 1072 a.
694 1016 787 1073 1286.
810 1015 914 1092 aeetae
936 1008 1083 1074 notitiam
1107 1011 1257 1090 predati,

142 1093 216 1158 aliis
238 1095 315 1161 locis
337 1096 434 1162 etiam
456 1118 563 1162 rerum
586 1098 707 1179 aliquot
728 1097 826 1163 anuis
848 1105 923 1180 post
948 1105 1109 1181 cestorum
1135 1119 1260 1179 auarus

141 1183 392 1264 deprehendatur
401 1187 421 1266 ²,
446 1207 512 1250 rem
535 1193 825 1252 a.1284.eneunte
848 1193 877 1251 et
898 1208 929 1251 a.
951 1193 1044 1251 1285.
1067 1193 1186 1267 eostam
1202 1189 1258 1250 sub

140 1293 171 1336 o.
187 1277 280 1337 1287.
305 1275 500 1340 narraverit.
536 1275 628 1342 Haec
644 1297 727 1358 pars
749 1275 860 1358 nmqni
877 1275 976 1357 pretii
994 1275 1106 1357 primo
1128 1297 1193 1340 nou
1210 1276 1259 1340 in-

139 1360 249 1444 ferior,
272 1365 428 1429 secundae
450 1363 545 1430 etiam
563 1371 718 1446 praestat.

13 1517 14 1532 ζ
109 1479 132 1516 ιο
249 1451 312 1518 Cui
334 1473 466 1534 sequens
481 1473 566 1534 pars
589 1453 675 1518 breui
699 1459 831 1535 tenpore
848 1459 921 1534 post
944 1453 1056 1518 addita
1078 1460 1132 1518 est.
1172 1453 1258 1518 Eam

140 1539 221 1602 etnim
251 1540 396 1622 sequitur
421 1541 569 1606 narratio
591 1542 730 1606 Acconis
757 1539 896 1606 ciuitatis
925 1543 1107 1622 destructae,
1138 1541 1259 1624 scrima

140 1627 234 1692 sicud
255 1635 349 1711 atque
372 1630 449 1695 haec
478 1631 583 1696 clades
605 1631 756 1712 Europae
784 1629 931 1712 innotuit,
957 1638 1126 1712 antequam
1148 1632 1187 1695 de
1209 1652 1257 1696 ecr-

134 1717 289 1799 puynatis
311 1718 426 1783 castris
449 1717 581 1784 Sidonis
605 1717 651 1799 (a.
676 1725 769 1783 1291.
795 1719 859 1783 Iul.
879 1719 935 1800 13)
959 1726 988 1784 et
1010 1719 1258 1801 Pereyrinocmm

141 1803 186 1878 (a.
207 1811 302 1871 1291,
334 1807 418 1888 Any.
440 1811 494 1890 14)
526 1808 730 1887 referretur³.
782 1809 884 1889 Quam
913 1808 1097 1872 relationem
1127 1808 1258 1874 ecuria

109 1893 289 1961 isRonrono
311 1902 386 1960 tunc
416 1896 618 1962 Urbe-ceteri
647 1895 796 1962 aarum
818 1896 1012 1976 Ertordiam
1040 1897 1171 1962 missam
1193 1919 1259 1962 esse

135 1991 210 2066 puto
219 1985 241 2066 ⁴,
266 2005 336 2049 cum
359 1985 396 2049 in
419 2007 457 2050 ea
480 1984 625 2050 dicotur:
648 2007 738 2067 popa
768 1992 797 2050 et
826 1985 1008 2050 cardinales
1035 1985 1147 2050 audita
1170 1987 1259 2050 clade

141 2073 318 2138 Accouensi
347 2074 467 2139 turbati
498 2095 536 2140 ae
565 2095 708 2140 maerore
736 2073 841 2158 offecti
871 2075 970 2159 quasi
997 2075 1090 2138 omni
1118 2076 1173 2140 die
1196 2076 1213 2138 f
1220 2097 1257 2138 e·

141 2162 261 2226 ciunt
285 2164 498 2242 consistoria,
521 2167 713 2229 tractantes
736 2169 772 2229 et
795 2167 978 2248 querentes
1001 2163 1154 2241 consilia,
1179 2185 1258 2247 qua·

140 2251 218 2317 liter
240 2251 295 2315 illi
318 2252 422 2318 'I'erre
443 2253 570 2318 Sancte
594 2253 719 2318 debeat
741 2253 926 2318 subveniri.
962 2251 1123 2317 Creditur
1146 2273 1166 2316 a
1189 2253 1258 2336 ple·

108 2341 261 2424 arisque.
285 2342 378 2425 quod
394 2338 511 2424 spano)
532 2342 691 2406 ordinere
715 2342 840 2407 debeat
864 2343 907 2407 de
930 2341 1135 2406 celebrando
1158 2361 1257 2426 gene·

139 2430 201 2493 reli
237 2430 395 2494 coneilio.
447 2429 546 2495 Hanc
579 2429 764 2494 relationem
802 2431 841 2494 ab
880 2437 1005 2495 auctore
1037 2429 1258 2510 praecedentis

135 2517 241 2598 partes
272 2516 417 2583 additam
446 2539 512 2584 esse
542 2539 606 2583 uon
636 2520 735 2598 credo,
766 2518 822 2600 qui
851 2541 889 2584 eo
911 2539 992 2600 quae
1014 2539 1113 2600 supra
1137 2520 1174 2583 de
1196 2519 1256 2584 Ac·

140 2627 211 2670 cone
234 2605 362 2672 civitate
384 2606 556 2688 saepserat
570 2605 730 2672 delnusset
752 2608 799 2672 cel
821 2613 978 2688 mutasset,
1002 2607 1032 2672 si
1055 2607 1150 2671 luins
1167 2607 1258 2672 urbis

140 2695 313 2760 destructae
341 2696 494 2762 nuncium
523 2695 690 2761 tabuisset.
739 2697 803 2761 Sed
830 2696 986 2778 sequentis
1010 2695 1118 2777 partis
1147 2703 1258 2762 auctor

109 2805 206 2850 aeon
228 2783 313 2866 lecit,
343 2784 399 2866 qui
427 2786 554 2849 modum
582 2783 721 2850 ciuitatis
747 2787 920 2850 destructae
949 2784 1074 2866 lonqins
1101 2806 1258 2866 eanonens

141 2871 221 2937 diem
243 2873 489 2955 capuanationis
510 2895 549 2938 ea
570 2873 630 2938 illa
652 2873 804 2957 repetiuit.

252 2961 330 3026 Oum
352 2962 510 3044 tuomque
532 2963 612 3028 satis
634 2969 716 3028 certo
731 2970 844 3045 partes
863 2961 1018 3028 Oronieae
1034 2962 1174 3029 discerni
1186 2984 1258 3045 nos-

144 3171 260 3238 leaatur:
278 3169 396 3240 Propter
409 3171 594 3240 irequenoiem
607 3171 745 3241 hospitum
765 3175 900 3226 eteorum
918 3169 1086 3238 insolencias,
1105 3175 1136 3224 ut
1154 3171 1256 3225 time·

143 3243 277 3310 bemus,
306 3285 313 3298 .
333 3285 339 3297 .
359 3286 366 3298 .
392 3242 599 3296 reconciliatum
630 3248 671 3296 est
700 3241 895 3296 monasterium
925 3247 1098 3298 nostrum.
1144 3243 1258 3310 Sammo

113 3319 233 3366 scandar
250 3329 385 3382 nusquam
405 3317 501 3382 primu
521 3330 639 3381 persona
665 3315 792 3380 nacitur,
817 3317 938 3381 quantun
962 3317 1061 3367 maceio
1078 3316 1117 3366 sic
1134 3315 1259 3381 loamnde'

143 3387 205 3438 data
222 3391 286 3438 esea
304 3386 435 3449 reformet
451 3401 477 3441 a.
492 3388 570 3442 1291.
588 3386 619 3438 de
637 3388 689 3438 tau
708 3385 843 3453 fulminis,
863 3403 889 3440 o.
904 3389 981 3442 1293.
1000 3387 1031 3438 de
1056 3386 1101 3438 lite
1121 3386 1256 3438 mactum

144 3455 350 3522 desudantium
372 3463 396 3509 et
420 3457 712 3511 memineram.
805 3459 829 3522 1)
850 3457 916 3510 Cum
934 3457 1091 3510 Heinricum
1110 3458 1258 3525 episcopum

143 3523 1108 3596 BmdcenmpmteearchiepiscopumMogoneiaeensemappetluoertt.
1145 3528 1173 3596 2)
1183 3527 1258 3591 Quod

144 3597 174 3652 a.
187 3599 306 3651 samm
324 3599 341 3653 l.
355 3599 371 3653 l.
387 3615 417 3668 p.
432 3601 484 3654 143
496 3615 534 3668 sq.
553 3599 614 3652 benc
625 3601 755 3666 euomuit.
783 3599 836 3663 Qus
847 3602 926 3652 ettam
938 3597 1126 3651 animaduertit
1138 3599 1258 3651 duamm

115 3669 337 3738 &inanimatorum
354 3671 385 3723 de
397 3675 498 3725 Accone
515 3672 618 3722 civitate
634 3673 812 3722 uomentium
831 3671 943 3723 aterum
961 3675 1031 3735 anu,
1050 3671 1165 3722 alteram
1173 3670 1258 3736 paulo

142 3747 197 3809 poet
209 3743 335 3794 Amonem
352 3741 511 3794 &drumm
529 3745 659 3808 eampum
672 3743 841 3809 esse(p.144
852 3743 915 3809 sa),
933 3746 1050 3792 omnm
1067 3741 1137 3792 hanc
1151 3747 1257 3808 partun

145 3815 229 3874 (enam
247 3815 400 3882 septimam)
418 3829 499 3880 usqum
516 3813 553 3864 ad
565 3813 644 3878 finem
662 3827 687 3863 a.
704 3815 779 3868 1293.
796 3814 945 3880 protrcntt.
978 3811 1053 3876 Qrecd
1064 3812 1142 3862 nulla
1154 3814 1258 3864 ratione

144 3883 325 3948 contrectatam
342 3884 418 3936 nullo
436 3885 512 3936 modo
530 3883 686 3937 ausam
704 3890 748 3938 est.
827 3887 855 3946 3)
873 3883 938 3936 Crem
957 3883 987 3935 de
1004 3884 1047 3934 lu's
1064 3882 1186 3935 dicutur:
1204 3899 1257 3950 que

145 3952 229 4007 adhue
248 3954 369 4008 retinent
395 3953 542 4008 christiani.
564 3985 596 3993 -
616 3955 651 4006 Iu
670 3958 742 4022 epist.
762 3955 870 4008 Nicolat
886 3955 937 4008 IV.
952 3969 1042 4021 papae
1064 3955 1129 4006 data
1147 3957 1217 4021 Auo.
1234 3959 1257 4010 1.

117 4027 179 4093 nto.
192 4028 254 4090 126,
280 4043 307 4082 n.
325 4027 355 4092 6)
379 4027 477 4079 tuum
501 4031 652 4078 marorum
677 4033 894 4092 mpuonawrum
919 4027 1015 4078 mentio
1039 4025 1158 4077 nomam
1182 4025 1257 4090 sacto

145 4102 185 4160 at,
202 4097 248 4150 esd
270 4097 341 4164 Tyri
364 4099 478 4150 cinctam
495 4097 538 4149 dte
556 4096 813 4152 uncelenum.
903 4097 932 4160 4)
950 4096 990 4150 De
1014 4097 1073 4149 alta
1097 4097 1258 4148 relectiones

146 4169 217 4220 arrio
237 4169 362 4222 Bonnam
386 4171 477 4232 messa,
503 4183 570 4236 quae
595 4167 735 4236 arcltetypo
760 4168 840 4220 Cron.
866 4169 1006 4220 modernae
1033 4170 1164 4235 inscripta
1192 4167 1256 4232 fuit,

146 4240 197 4292 n'de
215 4241 259 4294 Ἢ.
279 4239 393 4292 Arche'c'
411 4238 493 4306 XXI,
514 4256 545 4307 p.
564 4239 625 4294 536.
647 4269 677 4278 -
698 4239 776 4290 Hono
800 4240 954 4292 relationem
976 4255 1001 4294 a.
1021 4241 1099 4295 1291.
1125 4253 1143 4288 α
1167 4237 1258 4302 fratrc

146 4311 253 4376 mortam
271 4313 365 4364 minue
386 4311 541 4363 Teutonicae
557 4311 686 4377 eulpam
703 4325 756 4363 esse
772 4313 879 4364 coniecit
897 4311 931 4365 R.
944 4311 1082 4376 coortat,
1096 4307 1258 4360 ‘Forentan-

19 4373 20 4448 ξ
120 4383 203 4446 noen'
214 4381 280 4446 XX,
296 4400 325 4450 p.
340 4383 400 4438 120.
429 4381 504 4445 Quod
516 4383 606 4432 minus
621 4381 759 4449 probabile
776 4388 821 4446 est,
839 4397 898 4433 cum
916 4381 1039 4446 fratrum
1056 4379 1257 4434 Teutonicorum

19 4459 20 4462 ’
148 4451 241 4505 Accone
259 4453 459 4517 intestatorum
476 4451 554 4504 nulla
573 4454 668 4504 mentio
687 4454 717 4504 r'n
735 4469 766 4506 oa
784 4454 857 4517 tacto
874 4455 917 4507 stt.
