3162 5022
264 343 318 396 232
354 336 521 393 bacmos
533 336 562 392 S.
571 335 687 392 PETRI
699 334 962 392 ERTORDIINSIS
974 335 1065 393 MOD.
1085 335 1122 390 A.
1133 339 1322 394 1234-1236.

159 501 254 611 5¹33&
264 528 368 585 brevit
378 521 399 584 ².
491 520 587 586 'Hoc
610 541 700 586 anno
723 520 849 585 XIIII.
873 519 953 584 Kal.
977 519 1083 584 Maii·
1109 519 1261 585 Parisios
1284 539 1433 604 super-t.
1447 543 1525 584 res.

176 584 214 621 μ’
250 601 445 676 'ecclesium
469 610 569 675 beate
592 610 734 694 virginis
764 610 801 672 in
832 602 929 674 erceb
957 607 1030 673 visa
1057 612 1110 674 est
1133 629 1257 694 ymago
1281 610 1389 674 cruci·

265 700 324 764 fixi
347 703 451 783 atque
473 700 543 784 yris
566 719 669 784 super
690 699 800 782 ipsam
824 693 1017 782 protensa*.
1109 703 1275 762 Εοᾱοιιιο
1301 721 1388 762 anno

159 797 298 854 naissum
329 796 379 852 dic
408 798 614 870 pentecosten
636 811 752 869 magna
781 796 955 868 tempestas
982 794 1087 869 pluvie
1111 796 1144 850 et
1166 793 1328 868 grandiuis
1352 794 1388 850 in

265 884 437 959 Thuringia
463 901 528 941 non
558 883 715 940 modicam
741 883 852 941 ovibus
876 886 909 939 et
930 883 1090 957 segetibus
1114 882 1222 940 intth
1251 882 1411 940 cladem

371 971 587 1030 MCOXXXV.
637 971 792 1029 Dominus
829 988 911 1046 papa
950 971 1076 1029 dIrectis
1114 971 1148 1028 in
1186 973 1387 1028 Alemsniam

265 1062 403 1120 nunctiis
432 1062 471 1119 ab
502 1061 648 1119 omnibus
678 1061 831 1136 episcopis
861 1049 978 1135 atque‘l
1010 1060 1167 1136 regalibus
1197 1060 1386 1118 abbatibus

265 1151 381 1208 milites
412 1167 448 1208 ac
480 1149 656 1207 subsidium
686 1150 727 1206 ad
757 1149 915 1207 Romanos
944 1149 1178 1225 Impugnandos
1201 1149 1385 1225 postulavit.

266 1238 352 1297 Ηοοθ
380 1240 507 1297 eciam
536 1254 620 1296 anno
643 1238 819 1314 Magontini
849 1239 974 1296 maioris
1005 1239 1134 1296 ecclesie
1163 1238 1315 1306 canonici,
1340 1255 1386 1295 ar·

266 1328 454 1403 chiepiscopi
483 1328 670 1385 auctoritate
701 1326 784 1396 freti,
815 1344 870 1402 per
892 1331 994 1386 totam
1017 1314 1259 1402 Maguncinamf
1286 1321 1425 1384 dioec-io

266 1419 326 1475 sim
350 1416 489 1474 edictum
512 1417 801 1492 promulgaverunt,
825 1416 971 1474 videlicet
1000 1415 1059 1474 uus
1084 1417 1117 1473 iu
1145 1417 1231 1474 omni
1254 1415 1386 1473 ecclesia

266 1505 467 1564 conventuali
496 1523 560 1563 una
590 1505 837 1562 venderetur
865 1505 1035 1581 prebenda,
1065 1504 1125 1563 hoc
1152 1506 1255 1580 precio
1279 1504 1387 1562 debita

266 1595 465 1670 episcopatus
482 1580 673 1652 solvendeh.
759 1593 904 1652 Eodem
927 1611 1031 1651 anno
1054 1595 1276 1669 imperator
1291 1593 1386 1651 Heiu-

266 1685 372 1741 ricum
395 1683 530 1741 filium
554 1701 667 1740 suum
690 1683 851 1759 captivum
874 1687 976 1741 castro
999 1683 1186 1741 Heidelberc
1209 1683 1386 1741 custodien-

267 1772 344 1829 dum
360 1772 500 1841 tradidit,
520 1789 563 1830 ac
578 1776 651 1848 post
665 1773 725 1830 hoc
739 1759 862 1847 ipsumi
885 1772 1100 1830 absumens
1116 1773 1149 1829 in
1159 1772 1272 1830 Rethia
1282 1776 1386 1829 castro
1398 1789 1423 1830 rs

266 1861 425 1918 Alreheim
460 1861 651 1920 servandum
683 1861 849 1919 commisit.
902 1861 1045 1918 Tandem
1078 1861 1248 1936 imperator
1282 1861 1386 1918 adhuc

266 1951 383 2008 timens
405 1967 461 2026 per
483 1951 588 2026 ipsum
611 1951 651 2008 ab
674 1951 786 2008 emulis
810 1951 876 2007 suis
894 1951 1017 2026 imperii
1032 1950 1249 2008 turbacionem
1272 1949 1384 2018 moini,

267 2057 322 2114 per
337 2041 498 2115 episcopos
515 2033 816 2115 Salczburgeusem²
830 2044 862 2096 et
877 2033 1195 2114 Babeubergensem³
1210 2053 1250 2097 uc
1266 2035 1386 2117 postea

268 2143 330 2206 per
362 2123 595 2208 patriarchum
629 2115 965 2206 Aquilegiensemk·⁴
998 2129 1136 2186 eundem
1169 2128 1203 2184 in
1237 2127 1385 2203 Apuliam

266 2218 486 2276 transmittens
509 2221 612 2275 castro
634 2217 767 2275 Balerne
789 2217 883 2292 recipi
906 2205 1105 2274 mandevit¹.
1396 2235 1423 2274 so

162 2323 257 2366 men.
374 2305 473 2364 Hocm
496 2322 579 2364 enno
602 2306 805 2380 Magontinus
829 2305 970 2364 Erfurdie
1000 2323 1020 2363 a
1042 2305 1124 2364 festo
1148 2307 1282 2363 sancti
1306 2305 1386 2362 Mar·

166 2394 325 2456 ancelini
349 2411 448 2470 usque
471 2395 513 2452 ed
534 2394 681 2453 Domini¹¹
708 2395 848 2453 natalem
871 2411 992 2453 moram
1014 2394 1135 2453 iaciens
1157 2395 1297 2452 fructum
1319 2411 1408 2469 pre.

266 2483 442 2541 benderum
469 2500 514 2541 ex
536 2483 709 2559 Thunngia
737 2483 854 2541 ibidem
884 2485 1050 2542 collectum
1073 2484 1115 2542 ad
1138 2484 1262 2542 Renum
1286 2487 1385 2540 mans-

268 2572 339 2629 duci
356 2571 529 2630 mandavit.
569 2570 765 2631 Celebmvit⁰
785 2573 885 2631 eciam
907 2573 992 2631 idem
1017 2573 1158 2648 pontifex
1173 2573 1290 2630 ibidem
1306 2571 1385 2629 ordi·

165 2679 215 2720 nee.
225 2677 258 2721 ss.
268 2677 324 2717 nes
362 2661 518 2719 solemnes
557 2662 589 2719 in
628 2662 759 2720 ecclesia
793 2663 894 2720 sancti
927 2663 1012 2720 Petri
1046 2662 1101 2720 XI.
1132 2661 1203 2720 Kal.
1237 2661 1384 2718 Ianuarii.
1395 2679 1422 2720 ss

157 2748 368 2816 aeisflocl’
392 2765 476 2806 anno
499 2751 668 2826 imperator
691 2751 864 2809 solemnem
886 2751 1006 2809 curiam
1028 2751 1111 2809 circa
1132 2751 1386 2825 essumpcionem

267 2839 433 2912 Maguncie
456 2839 635 2908 celebravit,
658 2839 776 2897 ibidem
791 2842 958 2898 coronatus
974 2840 1158 2898 incedendo.
1239 2838 1386 2896 Eodem

268 2943 351 2984 anno
379 2927 526 2985 dominus
555 2945 637 3004 papa
667 2926 855 3004 Gregorius(l
883 2930 987 2986 missis
1011 2945 1066 3004 per
1089 2929 1267 2986 universam
1292 2927 1386 2985 eccle·

268 3017 348 3074 siam
377 3011 492 3074 litteris
527 3035 651 3075 crucem
680 3018 845 3076 constituit
873 3018 1036 3093 predicari,
1066 3035 1123 3093 per
1152 3017 1314 3077 biennium
1344 3017 1386 3074 ad

184 3111 185 3118 ’
267 3105 396 3163 Terram
419 3105 568 3164 Sanctam
591 3107 825 3183 expedicionem
848 3106 1057 3182 protelansr..
1396 3133 1423 3174 ,ο

175 3160 258 3275 23⁶1:
376 3188 625 3254 'MOOXXXVL
663 3195 734 3253 Kal.
758 3195 834 3254 Maii
856 3194 1021 3255 Marburc'
1042 3195 1212 3252 translacio
1236 3194 1385 3253 solemnis
1395 3215 1489 3264 susce.

267 3283 352 3342 facta
374 3281 550 3358 estssancte
565 3275 762 3354 Elisabeth‘‚
786 3282 965 3363 presenter
982 3279 1156 3344 Friderico
1178 3278 1386 3361 imperatore

374 3488 401 3571 *)
423 3505 452 3557 Ε
468 3505 547 3558 add:
565 3499 649 3574 quod
672 3497 765 3554 multi
788 3498 875 3574 digni
897 3497 980 3556 fideu
1007 3497 1163 3556 viderunt.

267 3703 290 3751 ι)
303 3703 359 3741 diem
373 3713 414 3745 om.
428 3702 454 3744 Ε.
520 3702 544 3754 1))
558 3703 589 3742 sle
603 3703 628 3746 Ε,
642 3703 675 3749 R;
692 3702 715 3741 ln
729 3712 750 3744 a.
762 3713 804 3742 om.
820 3704 839 3746 1.
900 3700 920 3752 c)
934 3699 1020 3742 Eodem
1034 3721 1061 3729 -
1074 3697 1226 3752 cladem—om.
1240 3701 1266 3742 Ε.
1320 3697 1344 3748 d)
1357 3699 1387 3739 ub

267 3755 370 3795 omnibus
383 3755 436 3796 cdd.
450 3755 476 3797 Ε,
536 3758 558 3804 e)
571 3757 619 3795 lloo
633 3777 659 3785 -
673 3755 788 3795 mandevit
799 3757 828 3803 (l.
842 3755 879 3806 20)
893 3766 935 3797 om.
949 3755 976 3797 Ε,
1035 3754 1053 3802 l)
1066 3756 1183 3804 maguntie
1197 3756 1221 3799 1:
1235 3753 1387 3804 moguntium
1397 3755 1423 3796 lb

269 3808 293 3846 N
294 3822 303 3856 ,·
316 3809 454 3858 ωοςιιιιυίιω
467 3809 495 3849 B.
556 3809 581 3860 g)
594 3810 626 3849 sic
639 3809 666 3849 R.
682 3809 706 3848 N
717 3820 763 3847 cum
778 3809 858 3860 Erpb.,·
880 3805 940 3858 quod
955 3811 973 3851 1.
1036 3807 1059 3856 h)
1073 3808 1104 3846 ele
1119 3809 1137 3850 l.
1150 3808 1184 3857 Β)
1197 3804 1304 3846 solvendo
1318 3805 1387 3855 Emis.

268 3865 330 3901 rseu.
384 3861 401 3910 l)
419 3861 484 3902 lude
502 3863 553 3905 cdd.
567 3862 594 3906 R.
608 3862 695 3905 ΜΗ.
749 3863 772 3910 k)
786 3861 935 3914 adleglensem
950 3864 969 3904 1.
1023 3862 1039 3910 1)
1053 3860 1072 3900 0
1086 3867 1162 3901 sancte
1176 3861 1286 3900 Ieronlme
1302 3859 1354 3902 aad.
1368 3860 1387 3902 1.

267 3914 299 3966 m)
313 3912 400 3955 liudem
414 3915 439 3958 Ε.
493 3917 517 3963 n)
531 3916 589 3956 dlem
604 3915 667 3956 usui
680 3917 712 3964 Ε)
726 3915 800 3956 natale
815 3917 879 3958 Dom.
894 3915 927 3964 Ν,·
941 3927 964 3959 u.
977 3916 1005 3958 D.
1019 3915 1088 3964 sipi.
1152 3914 1173 3965 ο)
1187 3913 1234 3958 (lei.
1248 3935 1274 3943 -
1288 3913 1386 3952 Ianuarii

267 3979 311 4008 om.
325 3967 350 4010 Ε.
404 3969 427 4018 ρ)
442 3967 512 4008 eclam
527 3970 578 4012 aad,
591 3970 617 4012 E,
671 3969 694 4018 q)
708 3970 739 4008 sie
752 3969 773 4008 Ε
784 3981 832 4009 eum
845 3969 927 4020 nepta
947 3981 989 4012 om.
1004 3970 1023 4012 l.
1083 3967 1103 4017 r)
1118 3979 1159 4011 om.
1173 3968 1199 4010 Ε.
1258 3965 1278 4016 ιι)
1291 3967 1314 4005 ln
1328 3965 1386 4004 ller-
1403 4004 1411 4014 ,¹

267 4032 323 4072 perp
336 4021 362 4064 Ε.
416 4024 434 4070 t)
447 4021 478 4060 ule
491 4023 523 4064 2¹.
536 4022 562 4067 Ε,
575 4023 608 4071 Β,-
622 4022 725 4064 Dllsubet
738 4024 764 4074 1;
780 4023 896 4064 lilllssbetb
911 4022 944 4066 lib.
998 4024 1021 4071 u)
1035 4021 1158 4073 meranisi)
1172 4021 1239 4061 mlnlo
1252 4021 1293 4062 del.
1395 4026 1423 4065 ω

269 4181 296 4248 1)
316 4178 380 4234 Hoc
400 4209 430 4220 -
451 4179 599 4234 celebravit
624 4189 647 4236 et
672 4181 779 4236 Eodem
798 4213 831 4222 -
851 4181 958 4240 cladem
984 4183 1056 4236 Aen.
1076 4181 1215 4248 Erphord.
1233 4195 1263 4246 p.
1283 4179 1326 4234 90.
1351 4177 1388 4229 ad

267 4253 397 4378 phollffi
417 4252 520 4307 raom,
609 4253 639 4323 2)
657 4254 845 4307 Eberhard-um
863 4255 903 4308 H.
993 4257 1022 4322 3)
1042 4253 1192 4306 Boletum.
1274 4252 1302 4318 4)
1322 4249 1389 4302 Ber·
