3162 5022
264 474 316 528 176
352 469 518 527 ORONIGA
532 470 559 527 S.
569 471 685 526 PETRI
697 471 959 530 ERFORDENSIS
971 473 1062 532 MOD.
1081 475 1117 532 A.
1129 479 1312 534 1144-1147.

176 663 253 717 1144.
264 654 422 720 oiditur1.
540 655 733 740 Sigefridus
771 677 884 721 comes
923 658 966 722 de
1004 651 1245 742 Bdmeneburg
1283 660 1380 724 obiit.

115 737 366 808 A.s1³.anr.hisgna
384 737 531 792 inundscio
550 756 619 808 aque
639 739 691 793 fuit
709 739 738 794 in
756 739 941 810 erphesfurta
964 740 1030 797 VH.
1050 741 1114 798 Kal.
1132 741 1214 798 lunii.

177 823 253 878 1145.
370 814 541 879 MOXLV.
578 816 705 880 Lucius
726 837 814 901 papa
832 816 929 896 obiit,
954 839 1016 900 pro
1033 839 1100 902 quo
1116 817 1301 904 Eugenius
1322 820 1382 903 qui

264 907 300 969 et
323 903 554 968 Bernhardus.

104 999 253 1041 nanum.
369 985 528 1042 Mcxavr.
567 981 709 1042 Ollnradus
727 1006 775 1042 rex
794 987 829 1042 ad
847 987 967 1042 Polenos
986 1007 1048 1044 cum
1067 989 1190 1044 exercitu
1209 991 1282 1047 abiit.
1397 1001 1410 1040 o

162 1052 252 1161 ‘iffi
369 1063 583 1130 MOXLVII.
631 1064 812 1130 Odnradus
846 1086 906 1130 rex
941 1069 976 1130 et
1004 1066 1212 1150 Ludewigus
1246 1088 1306 1132 rex
1338 1069 1380 1133 de

264 1150 380 1217 Gallia
409 1174 487 1217 cum
518 1153 686 1238 episcopis
717 1157 752 1218 et
782 1153 928 1219 ducibus
951 1157 1055 1240 atque
1079 1156 1271 1232 comitibus,
1297 1157 1380 1220 mul-

262 1234 397 1306 tarumb
432 1243 685 1326 provinciarum
714 1243 959 1308 innumerabili
988 1244 1213 1309 multitudiue
1249 1247 1380 1311 diverse

264 1331 473 1395 condicionis
510 1335 582 1394 tam
622 1331 775 1415 equitum
815 1353 917 1414 quam
956 1335 1125 1416 peditum,
1165 1335 1381 1417 quorundam

263 1439 387 1503 magne
410 1420 640 1484 estimaoionis
665 1425 700 1485 et
719 1421 871 1504 religiosi
895 1421 1034 1486 habitus
1056 1423 1235 1488 hominum
1258 1444 1415 1488 sermo-ro

262 1508 365 1573 nibus
395 1509 509 1572 territi
539 1512 574 1572 et
604 1508 851 1575 circumventi²
877 1511 1068 1576 dicencium
1099 1512 1187 1575 illud
1221 1512 1378 1596 apostoli,

94 1598 355 1681 r.nm.r,2.quod
381 1597 528 1662 instaret
558 1597 630 1662 dies
654 1598 804 1670 Domini,
829 1601 865 1664 et
895 1597 1008 1664 cerutus
1037 1619 1075 1664 ex
1098 1599 1251 1681 partein
1274 1601 1381 1665 Israel

132 1683 244 1778 „m
263 1684 399 1767 corrtipr't,
424 1685 521 1750 donec
534 1685 700 1750 multitudo
716 1686 860 1768 perreium
882 1686 1029 1768 duraret,
1053 1695 1081 1753 el
1095 1687 1141 1754 sic
1157 1688 1259 1752 omnis
1275 1689 1381 1754 Israel

159 1767 165 1786 '
203 1765 208 1777 '
247 1765 370 1838 'sumo
403 1775 505 1854 fieret,
541 1775 803 1840 lherosolimam
841 1776 913 1841 zelo
952 1777 1033 1842 fidei
1071 1781 1191 1842 contra
1228 1799 1380 1862 paganos

263 1865 451 1947 pugnaturi
474 1865 748 1948 proficiscuntur.
784 1865 830 1928 st
853 1863 1035 1931 Oiinradus
1058 1867 1196 1950 quidem
1218 1888 1279 1932 rex
1302 1888 1380 1932 cum
1391 1891 1416 1930 1⁵

180 1977 254 2027 (aa.)
263 1953 426 2017 inmensis
450 1953 566 2038 copiis,
590 1974 675 2037 quas
698 1974 814 2018 secum
837 1953 998 2031 habebat,
1023 1977 1084 2040 per
1100 1955 1288 2040 Ungariam
1310 1976 1380 2021 ver-

263 2061 320 2105 sus
355 2041 691 2126 Constantinopolim
728 2043 796 2107 iter
828 2043 974 2120 faciens,
1008 2066 1029 2108 a
1059 2065 1140 2130 rege
1171 2043 1381 2110 Grecorum³

174 2131 444 2214 (caramagnifice
474 2131 668 2216 suscipitur,
699 2132 803 2215 regiis
833 2132 1031 2198 muneribus
1059 2134 1262 2210 honoratur;
1295 2134 1374 2198 sed⁰

263 2219 356 2282 ultra
379 2219 559 2303 paululum
590 2241 788 2304 progressus
819 2220 863 2285 ob
887 2221 1131 2286 difficultatem
1154 2221 1306 2286 locorum
1332 2227 1379 2286 at-

263 2329 329 2391 qne
359 2309 538 2393 penuriam
568 2310 694 2374 reverti
724 2310 858 2373 statuit.
906 2310 972 2374 Sed
1002 2310 1141 2374 interim
1175 2311 1308 2374 insidiis
1343 2314 1379 2375 et
1388 2336 1415 2373 20

262 2397 516 2461 incursionibus
539 2419 751 2482 paganorum
775 2399 940 2483 plurimos
963 2419 1100 2462 suorum
1121 2399 1245 2474 amisit,
1271 2402 1306 2463 et
1329 2419 1379 2464 re-

263 2485 365 2569 liquis
389 2506 505 2550 eorum
536 2507 578 2552 ex
608 2487 755 2551 maxima
778 2490 876 2572 parte
900 2487 1087 2551 secundum
1111 2486 1300 2551 Ezechielis
1322 2487 1377 2552 vel

263 2574 407 2639 Ieremie
431 2577 674 2660 propheciam*
697 2575 899 2660 pestilencia
921 2596 961 2640 ac
984 2577 1076 2640 fame
1101 2576 1378 2659 diversarumque

156 2690 186 2737 ψ.
200 2690 252 2730 no.
263 2665 424 2728 mortium
450 2664 588 2749 *genere
612 2665 808 2749 peremptis,
833 2685 909 2728 cum
935 2669 1032 2748 parte
1056 2666 1308 2748 exercitusque
1331 2685 1379 2730 re·

175 2763 252 2817 1148.
262 2756 436 2817 manserat
466 2752 801 2837 Constantinopolim
836 2774 871 2818 se
905 2753 1068 2818 flebiliter
1096 2755 1237 2840 recepit.
1290 2755 1379 2820 Inde
1389 2779 1414 2818 rs

261 2841 335 2925 regi
366 2839 553 2906 Grecorum
588 2864 649 2927 pro
679 2846 833 2927 tempore
868 2843 1040 2927 supplices
1070 2863 1187 2928 preces
1218 2843 1347 2908 obtulit
1357 2845 1378 2921 ⁵,

263 2931 360 2994 cuius
384 2932 557 2996 conductu
581 2952 659 2995 cum
682 2933 801 3016 paucis
824 2932 1045 3016 sepulchrum
1063 2931 1213 3010 Domini,
1238 2933 1379 3016 reliquis

262 3019 299 3082 in
333 3020 468 3084 diversa
501 3021 671 3104 dispersis,
707 3021 812 3098 adiit,·
847 3022 907 3086 sed
936 3021 1049 3086 ubivis
1079 3023 1238 3106 gencium
1270 3022 1378 3087 nichil

263 3127 462 3192 prosperum
486 3113 548 3173 aut
570 3109 710 3173 honoris
734 3131 795 3193 pro
818 3109 999 3175 Teutonici
1027 3111 1175 3174 nominis
1198 3111 1253 3175 vel
1276 3111 1378 3194 impe·

261 3197 340 3261 riali
370 3198 541 3282 dignitate
572 3201 786 3268 consecutus,
817 3204 895 3283 post
926 3200 1011 3263 duos
1041 3200 1143 3264 semis
1170 3221 1277 3264 annos
1301 3220 1414 3264 cumn

176 3297 252 3351 1149.
263 3287 369 3350 nimia
397 3287 504 3371 proch
529 3286 643 3351 dolori
672 3291 745 3350 tam
767 3287 914 3351 Romani
940 3288 1039 3372 regni
1062 3308 1165 3372 quam
1189 3287 1377 3353 Christiani

227 3439 242 3458 „
263 3376 411 3440 nominis
435 3374 625 3459 ignominia
648 3377 683 3439 iu
709 3379 823 3460 partes
847 3375 1031 3442 Germanic
1054 3378 1249 3442 revertitur.

164 3439 253 3548 01⁶3,ss
368 3464 515 3548 eclipsis
530 3464 705 3529 sonsum.
723 3465 801 3529 su.
818 3465 1023 3530 Novembris
1046 3467 1131 3530 hora
1148 3467 1216 3531 diei
1237 3461 1376 3549 [senar]

162 3552 358 3618 amram
381 3555 433 3618 est
455 3555 529 3637 ipso
553 3574 643 3617 anno
667 3553 967 3619 lherosolimitane
991 3553 1214 3637 profectionis
1237 3557 1379 3639 ipsaque

262 3743 377 3835 s)ricll⁰;
392 3741 531 3791 erphesfurd
546 3745 564 3786 1.
628 3743 899 3795 b)cumqusmulth.
962 3743 1082 3794 authu.
1150 3742 1279 3794 dmm.
1294 3746 1415 3795 σηρικῇ

263 3807 306 3835 om.
338 3827 344 3840 .

264 3958 290 4024 1)
309 3955 354 4019 Cf.
372 3956 445 4009 Aaou.
465 3955 492 4010 S.
505 3955 582 4008 Petri
597 3963 663 4023 cat,
689 3957 783 4022 heus,
802 3959 876 4022 mci„
894 3971 980 4023 rum
1001 3975 1030 4026 p.
1052 3959 1094 4014 18.
1113 3959 1148 4012 54
1165 3973 1221 4025 sp:
1245 3955 1380 4012 tholfus

262 4042 352 4080 comes
378 4025 527 4079 Saronicus
552 4028 656 4080 occisus
681 4032 730 4094 est,
755 4028 868 4080 awaus
893 4044 911 4079 o
929 4029 1078 4081 Ditmorsre
1102 4030 1146 4081 dic
1170 4029 1254 4083 Mart.
1273 4031 1305 4084 15
1330 4028 1378 4091 (cf.

263 4097 365 4152 Necrol.
390 4097 552 4163 iunctura„
575 4100 648 4154 Anu.
668 4099 754 4166 stad,
780 4099 912 4166 Magdab„
939 4099 1048 4162 Potiu).
1087 4101 1176 4153 Com
1200 4101 1232 4152 de
1249 4100 1329 4152 sade
1347 4114 1380 4150 cx

260 4175 335 4235 pente
362 4169 546 4220 marchionum
571 4171 786 4237 mimarios,
810 4185 864 4223 non
887 4174 943 4238 ipss
968 4171 1095 4226 marchio.
1185 4171 1214 4240 2)
1235 4171 1309 4222 Nota
1332 4169 1415 4223 horso

262 4239 360 4292 dictum
378 4243 496 4292 sudoris
508 4239 698 4292 Bmhurdum
711 4241 928 4295 ammaum
945 4245 1087 4295 maara
1098 4243 1220 4296 nomis-
1274 4243 1302 4305 3)
1319 4239 1380 4292 Mo-

262 4311 337 4364 auu
352 4311 489 4366 somam.
543 4312 1021 4380 4)1s2er.7,15.12,16.1t,21.
1050 4313 1141 4368 Ieron.
1161 4313 1260 4378 29,18.
1280 4314 1379 4376 ΒΗΑ.

263 4383 290 4451 5)
313 4383 370 4434 Hoc
388 4383 443 4434 loco
461 4384 491 4435 in
503 4383 574 4438 Ana.
587 4382 681 4449 Pepav.
698 4401 726 4452 p.
739 4387 801 4439 258.
820 4384 897 4436 mdo
916 4385 1059 4437 annalium
1077 4387 1259 4452 caupuiorum
1277 4389 1381 4436 mutatu

263 4461 286 4506 et
303 4455 435 4521 ampliata
453 4469 506 4507 esso
523 4455 654 4508 mensur.
