3182 4996
314 497 368 550 434
469 489 661 546 GRONIOAE
677 490 705 546 S.
716 489 832 546 PETRI
843 489 1005 546 ERFORD.
1023 489 1221 545 APPENDIX
1231 491 1282 547 VI.

315 681 369 742 ter
392 674 579 741 consimilis
602 674 731 740 ibidem
755 674 872 740 extitit
902 675 1052 739 fundata
1074 675 1217 758 antiquo
1240 696 1344 760 super
1368 698 1434 739 am-

316 766 402 840 bitu,
427 764 487 829 sed
510 765 649 848 penitus
672 761 820 836 sublate,
845 784 885 828 ac
909 764 952 828 de
975 783 1073 840 novo,
1094 769 1181 846 que*
1201 785 1293 829 nunc
1309 767 1372 841 est,
1396 766 1432 828 in

314 855 429 919 locum
458 856 652 918 restaurate
680 853 744 918 sub
774 853 935 936 religioso
966 855 1064 937 petre
1088 852 1227 917 domino
1252 851 1434 919 Guntbero

316 943 441 1009 abbate
466 941 665 1007 monasterii
687 941 807 1006 nostri.
854 941 983 1006 Verum
1007 941 1050 1005 ad
1074 942 1281 1006 instanciam
1306 943 1435 1027 prefati

316 1031 447 1097 domini
471 1029 644 1095 Guntberi
668 1031 804 1096 abbatis
828 1029 935 1096 libere
959 1033 1100 1116 propter
1123 1029 1234 1095 Deum
1260 1051 1322 1115 per
1344 1051 1464 1096 reve-s

315 1121 460 1186 rendum
489 1121 527 1183 in
551 1118 689 1185 Christo
720 1123 853 1204 petrem
884 1119 1062 1184 dominum
1091 1117 1284 1185 Iohannem
1319 1140 1434 1204 supru-

315 1210 458 1284 dictum‚
482 1208 624 1274 ecclesie
655 1208 788 1273 scilicet
811 1207 1012 1293 Syronensis
1040 1208 1249 1293 episcopum,
1281 1227 1434 1274 reveren·

315 1299 447 1363 dissimi
470 1297 601 1362 domini
630 1298 740 1362 nostri
764 1297 894 1362 domini
916 1296 1056 1362 Ditheri
1085 1300 1204 1363 sancte
1227 1297 1434 1381 Mnguntine

316 1387 405 1452 sedis
440 1386 688 1471 archiepiscopi
723 1386 889 1450 vicarium
925 1390 1001 1461 etc..
1037 1384 1227 1451 solenniter
1260 1386 1433 1470 premissis

316 1475 427 1540 solitis
443 1478 478 1540 et
494 1476 667 1540 consuetis
682 1475 816 1552 officiis,
837 1474 1014 1540 dedicccio
1028 1475 1106 1558 ipsa
1122 1475 1159 1538 in
1175 1476 1305 1540 bonore
1321 1475 1433 1540 sancti
1443 1496 1467 1532 1⁰

315 1563 498 1630 Laureueii
521 1565 680 1637 martiris,
706 1563 899 1629 Bernhardi
922 1563 1058 1629 abbatis
1080 1583 1215 1628 necnon
1235 1568 1433 1630 sanctarum

316 1653 488 1737 virginum
511 1651 708 1726 Scolestice,
733 1650 951 1737 Appollonie‚
977 1653 1071 1717 Fidis
1101 1655 1137 1717 et
1159 1653 1357 1718 Petronelle
1381 1673 1433 1718 ex-

315 1743 391 1806 titit
414 1746 661 1818 consummata,
685 1742 776 1808 diem
800 1742 1011 1806 dominicum
1038 1745 1117 1826 post
1138 1742 1267 1808 festum
1291 1743 1432 1808 circum·

316 1831 455 1896 cisionis
484 1831 625 1896 Domini
655 1831 755 1895 annis
786 1830 931 1914 singulis
961 1852 1023 1915 pro
1053 1830 1274 1896 dedicacione
1303 1831 1433 1896 ibidem

317 1919 522 1986 celebrande
551 1920 757 2004 assignando
788 1940 866 1984 cum
895 1919 1126 2004 quadraginta
1159 1920 1292 1985 dierum
1323 1921 1467 1984 indul-is

316 2009 446 2092 genciis
477 2013 699 2094 patronorum
731 2030 770 2074 ac
794 2008 1025 2074 dedicationis
1054 2009 1127 2074 dies
1150 2009 1325 2093 perpetuis
1349 2012 1432 2074 tem·

316 2099 457 2182 poribus
486 2098 633 2183 gloriose
660 2119 723 2184 pro
752 2097 974 2163 visitantibus
1004 2097 1200 2162 devocionis
1230 2118 1333 2162 censa
1361 2118 1432 2182 pre·

315 2186 426 2251 fetam
442 2187 621 2271 capellam,
638 2187 852 2253 orationibus
867 2187 1001 2251 devotis
1013 2187 1196 2270 premissis,
1213 2187 1431 2252 cumulando.

318 2270 415 2354 lnceb
435 2285 543 2340 antem
559 2286 741 2340 sanctorum
763 2283 796 2340 in
815 2282 907 2340 alteri
929 2281 1047 2340 ibidem
1062 2284 1265 2340 continentur
1288 2282 1430 2358 reliquie:

318 2370 425 2428 Sancti
440 2370 602 2428 Laureneii
618 2371 765 2440 martiris,
787 2370 827 2428 de
842 2375 932 2445 petra
947 2369 1129 2429 Gethsemi⁰
1151 2371 1205 2428 nbi
1220 2372 1322 2429 oravit
1337 2371 1432 2428 domi·
1441 2381 1473 2421 w·

318 2477 378 2516 nus
401 2459 513 2516 Ihesus
542 2459 584 2516 ad
613 2464 745 2535 patrem,
770 2459 809 2516 de
839 2459 948 2517 tabula
977 2477 1072 2534 snper
1100 2477 1196 2536 quam
1222 2460 1369 2528 comedit,
1394 2460 1433 2516 de

317 2564 399 2624 pane
423 2548 462 2606 de
485 2565 546 2623 qno
570 2549 701 2606 saciavit
726 2549 744 2606 5
764 2549 860 2617 milia,
884 2549 923 2606 de
946 2552 1087 2624 ungento
1102 2549 1200 2606 Marie
1223 2553 1256 2606 et
1271 2549 1369 2606 Maris
1392 2549 1433 2606 ed

318 2637 506 2713 sepulcrum,
527 2637 566 2694 de
591 2635 733 2695 Calvarie
756 2638 833 2707 loco,
857 2637 962 2696 iacobi
985 2639 1128 2713 apostoli,
1152 2637 1283 2697 Steffani
1310 2637 1433 2712 protho-

318 2726 465 2794 martiris,
495 2725 659 2783 Laurencii
688 2727 826 2801 episcopi
855 2730 888 2784 et
910 2728 1057 2796 martiris,
1086 2725 1263 2784 sebastiani
1286 2727 1432 2794 martiris,

319 2814 443 2890 Georgii
473 2815 619 2884 martiris,
649 2815 761 2873 Felicis
790 2833 871 2890 pape
901 2819 934 2873 et
962 2816 1110 2884 martiris,
1141 2814 1252 2873 Ciriaci
1285 2817 1466 2884 martirum

318 2902 451 2962 Driccii⁰
472 2905 609 2979 episcopi
623 2908 657 2961 et
671 2905 818 2973 martiris,
841 2903 938 2962 Primi
961 2909 994 2962 et
1009 2905 1166 2973 Feliciani‚
1191 2903 1333 2976 Quatuor
1351 2921 1434 2963 coro·

318 2989 474 3062 natorum,
495 2992 649 3052 Undecim
664 2993 787 3050 milium
802 2995 971 3068 virginum,
994 2994 1153 3052 Hermetis
1171 2994 1318 3062 martiris,
1339 2994 1433 3051 Ulrici

318 3083 455 3160 episcopi
471 3085 503 3140 et
518 3083 715 3152 confessoris,
739 3082 901 3141 Benedicti
917 3083 1051 3152 abbatis,
1070 3083 1209 3141 Heinrici
1226 3083 1432 3158 imperatoris,

319 3177 427 3230 sancte
450 3171 548 3229 Marte
571 3171 767 3246 Magdalene.
801 3171 841 3228 Et
863 3171 996 3230 aliorum
1019 3164 1221 3245 sanctoruml.

233 3265 309 3318 1479.
426 3254 516 3318 Item
546 3255 705 3337 sequenti
734 3274 834 3330 enno,
866 3254 1029 3319 videlicet
1064 3259 1156 3330 1479,
1187 3255 1223 3318 in
1254 3254 1310 3318 die
1342 3253 1465 3318 beatis

225 3343 445 3418 sacerrimi
468 3343 618 3407 martiris
643 3363 682 3408 ac
706 3343 876 3408 sociorum
907 3344 980 3408 eius
1007 3343 1230 3408 reconciliata
1252 3345 1305 3409 est
1328 3363 1367 3407 ac
1391 3343 1432 3408 de

318 3452 407 3498 novo
431 3436 630 3497 consecrate
653 3431 787 3516 capelle
809 3433 845 3496 in
865 3427 1045 3498 ornum-¹
1068 3432 1135 3496 site
1157 3433 1248 3497 inter
1271 3432 1375 3496 Alicb
1399 3435 1432 3496 et

318 3521 489 3586 Totelstet
517 3541 537 3584 a
569 3521 767 3606 supradicto
797 3521 957 3605 episcopo
986 3521 1023 3584 in
1057 3522 1188 3586 honore
1218 3523 1336 3586 sancte
1369 3521 1432 3585 Dei

233 3635 263 3679 η.
271 3636 310 3678 ιο.
319 3611 496 3694 genitricis
519 3609 639 3688 Mario,
665 3609 784 3675 *beate
807 3613 908 3674 Anne
931 3631 965 3673 m
989 3610 1051 3674 tris
1075 3611 1229 3675 eiusdem
1252 3630 1292 3674 cc
1315 3613 1432 3674 sancte

318 3699 428 3764 Merie
443 3698 660 3782 Magdalene,
684 3701 949 3782 sanctorumque
965 3699 1144 3762 martirum
1161 3697 1311 3782 Georgii,
1336 3697 1464 3763 Saba-c

319 3789 433 3864 sticni,
459 3786 584 3852 Ciriaci
607 3808 647 3852 ac
670 3787 839 3852 sociorum
863 3787 936 3852 eius
959 3808 1094 3853 necnon
1118 3788 1211 3853 beuti
1230 3787 1432 3870 Wolfgangi

320 3877 470 3960 episcopi
495 3879 530 3941 et
553 3876 766 3940 confessoris.
803 3881 900 3940 Cuius
924 3883 1050 3957 quidem
1075 3883 1203 3940 ecclesie
1227 3883 1294 3940 sive
1317 3883 1432 3956 capelle

320 3971 477 4029 dedicacio
494 3972 667 4029 constituta
687 3975 736 4028 est
758 3989 778 4028 a
793 3971 926 4046 pretato,
949 3971 1068 4030 scilicet
1085 3971 1272 4046 Syrcnensis
1295 3971 1431 4038 ecclesie,

318 4188 401 4240 aldo.
467 4189 491 4240 b)
509 4191 633 4230 minet.
649 4191 696 4230 ulla
747 4191 993 4240 nannenusaessl',
1007 4195 1094 4241 osaea
1109 4191 1194 4241 μεθ,
1212 4191 1254 4235 ru·
1269 4191 1432 4240 onmem,

320 4244 343 4282 ln
356 4254 427 4292 mor-9.
440 4245 510 4294 suppl.
564 4247 585 4292 ο)
598 4246 629 4283 clo
642 4257 659 4286 c.
729 4243 824 4294 )or1sll'
839 4257 856 4284 c.
1440 4247 1464 4288 lt

320 4404 347 4470 1)
367 4403 421 4466 Qui
436 4403 506 4455 locro
524 4403 642 4454 dormio
660 4407 705 4456 cst.
743 4403 784 4466 Cf.
804 4403 864 4458 Nic.
883 4403 914 4457 de
932 4403 1024 4470 Sicyo·
1038 4421 1068 4472 p.
1081 4406 1132 4460 457
1151 4405 1211 4472 (ubi
1228 4403 1352 4471 temdus
1369 4407 1434 4458 onst

319 4489 447 4526 nummis
466 4473 545 4528 1479.
559 4487 613 4538 pro
632 4475 722 4536 1489).
741 4475 802 4528 464.
