3214 4990
549 516 716 572 ORONIOA
735 516 869 573 MINOR.
1216 524 1270 579 499

151 697 248 778 facite
271 700 357 764 credi
373 699 492 782 poterit
521 701 604 766 bunc
627 699 760 765 codicem
784 699 987 782 urcbetppum
1017 701 1212 767 recensionis
1234 702 1269 768 Β

149 787 260 867 fuisse.
291 789 400 870 Neque
415 796 521 854 tomen
535 790 592 854 boc
607 788 735 853 omnino
750 787 864 871 nepori
876 795 985 870 potest,
1002 789 1158 855 uesnmus
1173 791 1266 874 enim,

149 877 299 957 quomodo
329 877 410 944 biber
438 878 626 960 archetypus
654 877 749 942 buius
777 877 971 942 recensionis
1000 878 1194 961 conscriptus
1216 880 1265 946 sit.

149 964 245 1030 Fieri
261 967 375 1048 potuit,
398 973 434 1031 ut
456 974 566 1032 auctor
594 966 630 1030 iu
660 966 855 1048 autoprcpbo
881 987 937 1031 suo
959 966 1152 1032 recensionis
1173 968 1206 1031 A
1229 991 1268 1034 ea

125 1054 303 1135 sdetererit,
328 1055 498 1137 addiderit,
521 1055 698 1136 mutaverit,
721 1075 802 1136 quae
823 1054 860 1120 iu
883 1053 1063 1120 recensione
1083 1055 1117 1120 Β
1139 1056 1266 1138 omissa,

150 1142 283 1223 adiecta,
307 1151 428 1209 mutata
455 1151 538 1225 suut,
561 1150 598 1208 ut
619 1145 675 1209 boc
701 1143 824 1208 scribae
839 1164 962 1225 parum
979 1143 1084 1224 perita
1106 1144 1267 1228 redipioso·

148 1252 207 1312 que
230 1253 268 1296 ac
290 1233 515 1315 neplepeutiori
536 1233 574 1298 in
596 1233 756 1314 eaeruplcr
778 1232 1071 1298 transscribendum
1086 1233 1264 1316 tradiderit,

148 1341 186 1385 ea
215 1341 275 1401 quo
304 1323 479 1404 exemplari
508 1343 612 1387 omues
642 1321 762 1386 codices
790 1319 892 1386 nostri
920 1321 1111 1387 recensionis
1133 1322 1166 1386 Β
1192 1344 1266 1405 prc-

148 1409 223 1488 fecti
246 1409 320 1474 sint.
366 1411 516 1476 Aesone
539 1411 757 1476 additamenta
780 1409 972 1475 recensionis
993 1409 1029 1474 Β
1053 1409 1090 1476 in
1111 1412 1267 1494 marpiui·

112 1499 205 1563 robus
233 1497 310 1563 iibri
339 1499 529 1582 antaprupbi
558 1500 590 1564 A
620 1498 740 1580 scripta
768 1499 869 1577 tuisse
898 1520 933 1564 eo
966 1499 1098 1580 probari
1131 1500 1265 1583 ridetur,

147 1587 231 1667 quod
257 1589 414 1653 nonuuttc
442 1588 555 1653 borum
584 1587 871 1653 additamentormn
898 1587 1034 1653 diversis
1063 1587 1139 1654 iocis
1160 1589 1198 1654 iu
1219 1611 1265 1656 re-

148 1675 308 1741 censiones
323 1677 457 1742 atteram
479 1683 509 1741 et
531 1676 657 1742 tertiam
680 1682 709 1741 et
723 1682 872 1757 quartam
893 1682 1017 1758 recepta
1039 1676 1136 1741 sintl.
1174 1679 1265 1745 Certo

147 1771 281 1846 apparet
302 1771 332 1829 et
353 1765 545 1830 recensionis
560 1765 592 1830 A
616 1766 776 1846 eccernptar
792 1765 1035 1846 transscripturi
1057 1771 1086 1830 et
1107 1765 1145 1831 in
1161 1768 1264 1848 publi-

148 1873 217 1918 oum
251 1853 398 1918 emissum
431 1875 505 1934 esse,
541 1859 709 1935 autequam
743 1852 939 1918 continuatio
973 1876 1002 1918 a.
1031 1859 1262 1920 1262-1265.

112 1967 138 2008 ιο
147 1943 324 2022 adderetur,
348 1949 378 2008 et
398 1943 610 2008 recensionem
632 1942 665 2006 Β
694 1942 730 2006 iu
753 1942 948 2022 exemplario
971 1942 1214 2024 transsumptam
1236 1953 1265 2010 et

146 2031 306 2112 ncipatum
329 2052 402 2111 esse,
434 2038 603 2114 autequam
630 2030 888 2097 Continuationis
910 2031 942 2095 Ι.
967 2051 1049 2112 pars
1072 2031 1102 2095 I.
1128 2053 1158 2096 o,
1179 2038 1261 2097 1266

146 2124 287 2183 -1267,
312 2119 508 2185 scriberetur.
551 2121 656 2187 Unum
679 2120 791 2184 borum
813 2119 1040 2200 eaempiurimn
1063 2120 1264 2203 archetypum

146 2206 299 2272 librorum
321 2209 515 2274 recensionis
529 2210 562 2275 Β
585 2209 640 2291 aui
662 2214 830 2290 supersunt
846 2207 947 2287 fuisse
969 2208 1101 2273 ridetur.
1142 2210 1204 2290 Qui
1226 2210 1263 2275 in

146 2302 209 2360 tres
237 2298 420 2362 secernendi
449 2305 524 2362 sunt
549 2299 672 2378 ctusses,
696 2297 868 2379 inquibus
891 2297 1262 2364 diuersaecoutinuatio·

109 2405 202 2454 sones
224 2385 311 2466 operi
333 2387 451 2466 fratris
474 2387 620 2452 Minoris
642 2389 682 2452 ab
706 2386 782 2451 abiis
805 2386 946 2451 adiectae
968 2393 1051 2450 sunt.

253 2474 368 2540 Prima
391 2475 502 2540 dussis
517 2483 563 2541 est
585 2475 724 2541 codicum
740 2475 773 2539 Β
789 2484 815 2539 l.
833 2481 883 2539 1³·
896 2469 924 2552 ¹²,
949 2475 986 2540 iu
1001 2496 1133 2556 quorum
1156 2477 1261 2542 arebe-

146 2569 216 2644 typo
250 2563 444 2628 continuatio
478 2565 581 2630 breuis
612 2587 643 2629 a.
671 2569 901 2645 1266-1266,
937 2585 1032 2645 quam
1063 2563 1130 2629 Β1
1161 2567 1261 2630 solam

145 2651 244 2732 babet,
268 2651 359 2717 uobis
381 2651 502 2734 quinta,
531 2653 697 2718 subiuncta
727 2654 822 2718 etad
843 2675 873 2717 u.
895 2658 989 2717 1256.
1013 2653 1126 2718 relatio
1149 2655 1260 2736 breuis

144 2761 208 2821 qua
232 2740 483 2822 archiepiscopus
502 2741 714 2825 Moyuutiuus
736 2741 773 2806 iu
796 2739 913 2807 allodia
936 2741 1123 2806 monosterii
1142 2743 1261 2808 Vorsu-

107 2829 257 2899 uderode
280 2836 389 2910 captus
411 2851 477 2894 esse
499 2831 626 2911 dicitm,
650 2829 763 2896 cddita
785 2837 863 2895 erat.
911 2831 954 2896 In
984 2829 1088 2895 codice
1114 2852 1186 2897 vero
1213 2834 1260 2897 de-

137 2917 279 2998 perdito,
311 2938 350 2982 ecc
378 2939 438 3000 quo
468 2919 544 2983 libri
572 2919 659 2983 131⁸
686 2925 715 2983 et
736 2918 769 2982 Β
785 2913 822 2983 1¹³
857 2918 1006 3001 descripti
1038 2925 1126 2997 suut,
1158 2921 1260 2985 attera

144 3006 239 3087 tonyc
268 3006 463 3072 continuatio
493 3007 617 3073 adiecta
646 3014 724 3088 erut,
755 3028 850 3088 qvir-am
879 3006 1037 3088 intepram
1059 3009 1144 3071 sotus
1166 3009 1261 3074 codor

143 3093 178 3158 Β
196 3100 234 3157 1²
266 3098 406 3176 praebet,
438 3096 528 3162 nobis
558 3103 655 3161 sento.
702 3097 793 3161 Haec
823 3095 860 3160 in
890 3101 953 3160 tres
980 3101 1092 3176 portes
1126 3095 1261 3162 diuersis

144 3182 220 3248 iocis
235 3183 371 3264 scriptas
386 3183 559 3250 dividenda
582 3191 635 3250 est.
672 3185 716 3249 In
733 3184 956 3266 prioreparte
979 3189 1258 3250 α.1269-1276.

107 3273 200 3337 sosub
223 3294 252 3336 c.
270 3277 364 3336 1269.
387 3293 438 3338 res
450 3275 493 3338 'ab
508 3275 619 3339 abbate
639 3276 677 3339 de
692 3273 893 3353 Reifeusteiu
910 3271 1102 3338 ncoucsterio
1120 3273 1260 3339 Tburin

140 3359 211 3442 pico
230 3359 353 3426 ordinis
373 3361 593 3427 Cistercieusis
606 3369 694 3443 peste
709 3369 874 3442 narratur,
894 3361 950 3426 sub
974 3384 1003 3426 a.
1021 3367 1115 3425 1271.
1134 3361 1261 3445 siynum

143 3448 239 3514 tunae
262 3471 283 3514 a
306 3451 441 3531 quodam
463 3452 616 3516 monacbo
638 3449 825 3516 monasterii
855 3450 1148 3516 Vobbotderodensis
1175 3452 1259 3516 Teu

142 3537 263 3619 riupici
291 3539 416 3604 ordinis
452 3537 670 3605 &isterciensis
703 3539 805 3604 uisum
834 3560 899 3604 esse
934 3538 1082 3604 traditur.
1129 3539 1201 3605 Hoc
1232 3546 1261 3605 et

142 3626 356 3693 additamento
383 3650 414 3692 a.
434 3634 527 3692 1256.
560 3631 719 3694 observato
748 3628 800 3694 W.
824 3628 956 3693 Erum
984 3633 1064 3693 recte
1093 3628 1260 3694 coniecisse

106 3712 265 3779 recidetur
288 3717 490 3798 arcbetppum
516 3717 655 3783 codicum
678 3711 855 3781 B1.1⁸·b
883 3716 1017 3798 indeque
1045 3715 1259 3782 Ocutiuuctio·

141 3824 213 3867 nem
228 3805 264 3869 V.
284 3811 312 3869 et
330 3812 434 3871 seutce
451 3812 578 3888 partem
590 3805 734 3887 priorem
752 3805 789 3870 iu
807 3805 950 3870 coenobio
965 3805 1260 3870 Votkolderodensi³

142 3891 261 3975 scripta
275 3893 385 3973 fuisse.
421 3895 508 3960 Saue
531 3915 596 3958 uon
614 3893 756 3960 dubitari
772 3901 882 3976 potest,
906 3893 986 3975 quin
1007 3894 1179 3959 morcacbus
1193 3893 1260 3977 qui-

140 3981 215 4046 dam
233 3981 450 4048 Cistercieusis
462 3983 682 4066 Tburiupicus
697 3983 946 4048 additamentum
961 4003 991 4046 o.
1004 3987 1098 4047 1256.
1115 3989 1145 4048 et
1158 3982 1260 4049 Gonti-

143 4210 168 4276 1)
187 4209 257 4262 Seue
274 4226 462 4278 nonnusquam
474 4211 519 4266 01
538 4227 598 4264 cum
616 4212 721 4264 lectione
735 4212 841 4263 diverso
858 4212 1016 4262 recensiones
1029 4209 1054 4261 Β
1071 4213 1195 4276 memte,
1214 4211 1260 4263 scd

103 4280 189 4339 tuboe
206 4297 270 4334 com
293 4283 334 4333 cet
356 4299 390 4334 coc
407 4282 523 4336 arbitrio
539 4283 641 4336 scribae
658 4283 788 4350 eumdem
806 4283 936 4332 mutontr’s
953 4281 1073 4346 effecmm
1091 4297 1144 4333 esse
1163 4288 1261 4349 potest.

139 4353 168 4418 2)
183 4353 226 4406 ‘N.
239 4352 352 4405 Anhtv’
365 4353 461 4418 XXII,
475 4371 505 4421 p.
518 4355 578 4409 447.
633 4352 1104 4421 {immurmurantem
1123 4353 1254 4409 Gotbano.

140 4423 257 4546 gbbatio
281 4424 515 4488 suscensens
539 4427 596 4490 fud
619 4424 679 4490 filia
697 4424 957 4485 Votkotdnodeuss's5
981 4423 1162 4492 Jcnuuscbcte,
1182 4424 1259 4492 Orio.

162 4496 247 4549 astera
266 4494 290 4559 I,
311 4512 342 4562 p.
362 4497 413 4550 146
422 4511 459 4563 sq.

993 4597 1046 4656 32*
