3162 5022
256 491 427 548 ORONIGA
439 490 467 548 S.
477 489 595 547 Purus
607 487 869 545 ERFORDENSIS
881 488 971 550 MOD.
990 489 1026 545 A.
1037 493 1115 547 1208.
1126 493 1203 548 1209.
1251 494 1303 548 207

290 765 389 830 Hoc⁸
418 785 508 830 anno
532 763 624 848 oepit
647 764 730 828 ordo
754 763 928 826 Minorum
950 763 1110 826 fratrum.

291 859 479 918 MCCVHII.
527 851 625 917 Ott0¹
648 857 851 916 confirmatus
881 859 915 914 in
938 875 1081 933 regnum
1104 861 1226 915 metum
1248 859 1392 923 ini-1209¹

179 950 265 1024 quis,
288 951 381 1008 iustis
404 965 478 1008 voro
508 952 541 1006 et
564 947 781 1006 ecclesiasticis
804 947 941 1004 maxime
963 947 1105 1022 personis
1128 963 1217 1021 spem
1240 964 1472 1012 nonenoeane.

142 1039 342 1096 smodicam
376 1037 555 1114 ingerebat:
590 1037 667 1094 talia
695 1035 779 1094 enim
809 1041 900 1094 erant
928 1036 1090 1111 principia,
1122 1035 1161 1092 de
1190 1035 1304 1110 quibus

181 1126 286 1184 bonus
310 1128 414 1184 exitus
431 1127 524 1201 digne
548 1129 734 1200 speraretur.
771 1123 900 1183 Cunctis
923 1125 1052 1200 igitur
1074 1140 1221 1200 prospere
1238 1141 1305 1182 suo·

181 1215 381 1284 cedentibus,
405 1217 453 1272 vir
476 1219 657 1283 strennuus,
680 1215 734 1289 qui
757 1215 912 1272 anteactis
935 1213 1046 1272 diebus
1069 1214 1103 1270 in
1125 1215 1249 1288 magnis
1272 1217 1306 1271 et

183 1305 412 1380 multiplicibus
435 1303 679 1362 adversitatibus
703 1303 769 1360 suis
790 1303 933 1360 animum
956 1319 1131 1378 numquam
1154 1303 1304 1360 submise-

184 1391 244 1462 rat,
272 1411 359 1452 nunc
389 1394 461 1451 letis
494 1392 692 1450 successibus
722 1392 826 1450 iactus
856 1393 1035 1460 animosior,
1066 1409 1105 1449 ne
1138 1391 1214 1466 quid
1245 1391 1304 1448 sibi

148 1503 175 1540 ro
185 1481 311 1540 deesset
334 1482 368 1540 in
390 1483 450 1540 hac
474 1476 592 1539 *rerum
615 1498 741 1539 summa
763 1482 946 1551 constituto,
970 1480 1011 1538 ad
1033 1481 1093 1538 hoo
1111 1480 1402 1547 omnimodo-snas.

88 1558 359 1646 usssuspiratb,
383 1576 420 1629 ut
442 1571 594 1646 imperiali
616 1571 715 1629 eciam
739 1570 956 1628 benedictione
973 1563 1115 1645 *accepta
1137 1571 1307 1645 imperator

188 1661 348 1718 Romanus
372 1663 535 1718 vocaretur
565 1664 598 1717 et
627 1663 720 1717 esset.
767 1658 901 1734 Igitur
923 1658 1067 1716 omnibus
1091 1676 1151 1734 que
1175 1659 1216 1716 ad
1238 1663 1305 1716 tam

188 1749 321 1808 arduum
344 1750 509 1824 negocium
533 1749 710 1807 necessaria
732 1751 823 1805 erant
845 1747 1008 1822 expeditis,
1038 1749 1099 1805 iter
1120 1749 1252 1823 arripuit
1274 1751 1306 1806 et

190 1839 282 1913 Alpes
306 1855 380 1896 cum
403 1839 528 1913 copioso
551 1838 704 1896 comitatu
726 1837 971 1913 transgrediens,
995 1853 1014 1893 a
1037 1836 1250 1912 Longobardis
1274 1841 1307 1894 et

152 1939 180 1977 1⁵
188 1927 296 1984 Tuscis
320 1927 489 1984 honorifice
504 1929 681 2002 susceptus,
704 1926 894 2001 multisque
917 1929 956 1982 et
978 1926 1102 2000 magnis
1123 1926 1306 1984 muneribus

189 2016 226 2074 ab
253 2017 299 2073 eis
327 2015 570 2084 honoratus,
601 2019 669 2072 tam
698 2016 731 2072 in
754 2015 848 2072 robus
872 2031 967 2090 quam
990 2014 1024 2071 in
1046 2015 1187 2089 personis
1206 2014 1306 2071 ,nichil

189 2106 406 2180 experiebatur
427 2105 606 2162 adversum.
642 2104 783 2162 Tandem
807 2120 916 2160 mense
937 2101 1111 2177 Septembri
1135 2119 1207 2160 oum
1223 2119 1306 2160 exer·
1317 2121 1374 2170 sape.

348 2381 413 2430 runt
429 2376 533 2430 mortui
550 2377 612 2446 plus
631 2393 713 2446 quam
731 2375 807 2430 mille
825 2375 957 2432 homines.
994 2375 1028 2430 ln
1047 2375 1159 2430 civitate
1176 2373 1301 2429 Nuobir⁰
1318 2381 1394 2434 1279.

348 2447 451 2502 corruit
463 2447 659 2502 monasterium
671 2447 782 2501 maioris
800 2447 915 2502 ecclesie
934 2465 997 2501 cum
1010 2445 1122 2502 edificiis
1139 2451 1168 2501 et
1180 2447 1307 2502 omnibus

348 2519 429 2574 curiis
454 2519 656 2586 canonicorum,
681 2519 742 2588 plus
764 2537 848 2586 quam
873 2518 965 2573 media
983 2536 1052 2643 tpars
1072 2519 1155 2588 ipsius
1174 2519 1306 2588 civitatis3

348 2595 377 2644 et
401 2595 509 2644 mortus
536 2589 648 2644 fuerunt
673 2607 789 2659 persone
815 2589 929 2656 infinite,
953 2607 981 2644 ss
1026 2589 1188 2659 episcopus'
1213 2590 1307 2643 evasit.

239 2716 243 2722 ,
348 2660 480 2715 Nuebir(¹
503 2662 556 2714 fuit
574 2662 625 2715 sita
643 2661 672 2715 in
690 2665 793 2730 monto,
812 2665 840 2714 et
858 2661 911 2714 luit
928 2661 998 2720 alius
1016 2677 1095 2714 mons
1114 2679 1148 2714 ex
1166 2661 1306 2730 opposito;

348 2737 377 2786 et
401 2731 540 2801 quoddam
564 2733 706 2787 castellum
732 2731 786 2786 fuit
808 2731 891 2785 situm
915 2733 988 2786 inter
1013 2732 1080 2786 alios
1105 2731 1173 2786 duos
1191 2736 1307 2787 montes.

348 2803 392 2858 Ibi
414 2803 527 2858 suerunt
544 2803 615 2858 bene
632 2803 775 2875 quingenti
799 2803 927 2872 hospitas.
963 2802 1001 2858 Et
1018 2803 1189 2858 babebat⁰·⁸
1206 2820 1307 2858 nomen

349 2873 505 2931 Serovallis.
541 2873 593 2929 Isti
615 2881 722 2928 montes
743 2878 877 2928 venerunt
895 2891 964 2928 unus
982 2877 1078 2928 contra
1096 2875 1180 2928 alium
1200 2878 1228 2928 et
1245 2891 1307 2928 coo-

348 2951 498 3015 peruerunt
516 2946 584 3000 illud
602 2947 752 3015 castellum,
771 2945 845 3014 quod
864 2945 917 2999 fuit
934 2945 963 2998 in
981 2945 1080 3012 medio,
1100 2963 1163 2998 cum
1182 2945 1306 2999 omnibus

348 3018 479 3086 personis,
505 3035 558 3088 qne
582 3016 694 3071 inermi
718 3017 806 3086 intus;
832 3021 860 3070 et
881 3020 923 3070 ost
940 3017 979 3070 ita
996 3017 1118 3086 planum,
1136 3015 1212 3070 sicud
1229 3034 1307 3069 num·

348 3106 431 3157 quam
454 3089 567 3143 fuerunt
590 3088 629 3143 ibi
653 3089 745 3157 aliqua
770 3087 883 3144 edificia.
920 3086 958 3140 ut
981 3087 1054 3142 circa
1077 3087 1138 3142 illas
1157 3087 1223 3140 duas
1242 3087 1307 3140 civi-

349 3164 419 3214 tates
437 3165 501 3214 sunt
519 3159 573 3213 alia
592 3161 712 3229 castella,
730 3161 758 3213 in
777 3158 926 3229 quibusda
944 3158 1041 3214 eodem
1060 3162 1133 3214 terre
1151 3161 1229 3212 motu
1247 3175 1307 3226 per·

350 3231 441 3286 ierunt
458 3231 582 3286 homiues
606 3230 694 3286 multi.
731 3230 769 3284 nt
787 3230 905 3286 habetur
922 3231 951 3284 in
968 3229 1091 3299 partibus
1108 3228 1162 3282 illis
1180 3243 1231 3297 pro
1250 3246 1306 3282 ma·

349 3302 423 3356 ximo
441 3303 582 3359 miraculo.
610 3301 644 3355 In
662 3301 753 3357 Roma
770 3301 932 3356 semerants
948 3301 1103 3369 aliqualiter
1121 3299 1156 3353 de
1173 3300 1222 3353 illo
1234 3303 1307 3353 terre

348 3377 435 3442 motu,
461 3378 489 3428 et
513 3374 602 3444 papa⁴
620 3373 674 3428 suit
698 3373 748 3427 illa
771 3373 840 3427 bora
864 3374 892 3428 in
917 3389 1019 3438 mensa,
1041 3375 1069 3425 et
1087 3371 1189 3440 tabula,
1207 3370 1236 3423 in
1253 3387 1308 3438 qua

349 3445 464 3512 cenavit,
490 3449 519 3499 et
541 3449 631 3498 totum
656 3445 792 3513 palacium
810 3444 973 3500 mirabiliter
990 3443 1160 3497 movebatur.
1195 3440 1234 3495 Et
1251 3457 1307 3494 cre·

348 3515 419 3570 datis
436 3533 487 3585 pro
506 3515 594 3585 firmo,
613 3515 688 3585 quod
706 3519 747 3570 est
764 3515 895 3569 iudicium
914 3515 965 3569 Dei
983 3515 1129 3570 occultum.

402 3587 502 3640 Deinde
519 3590 655 3655 sequitur.-
678 3597 761 3638 Annos
774 3598 803 3637 as
821 3595 894 3636 sarm
913 3593 1145 3644 uouonccoxxvo,
1165 3605 1179 3632 ι
1198 3590 1399 3640 tortuoso-uro.
1414 3593 1454 3633 ro.
1564 3597 1566 3654 1

349 3657 539 3708 000⁰bxt'11⁰⁸,
558 3670 616 3698 nuno
631 3659 779 3699 CCLXXXV⁰
793 3659 881 3708 imperll
895 3657 1037 3706 Asslrlorum,
1053 3661 1159 3705 regnanto
1173 3652 1233 3705 apud
1247 3655 1308 3695 Assi-

349 3713 394 3753 rlos
407 3723 459 3762 rago
473 3713 604 3763 cognomino
619 3713 712 3764 Balcon,
725 3711 786 3762 apud
800 3711 906 3752 Sidonios
920 3722 973 3752 vero
986 3715 1094 3760 regnante
1103 3709 1241 3750 Turmucbo
1256 3719 1308 3758 rege

349 3765 505 3806 Sltlonloruml
519 3769 591 3814 sexto,
610 3771 709 3806 mortuus
724 3771 759 3805 ost
773 3766 886 3805 Abrabam
904 3769 927 3804 et
940 3764 1040 3814 sepultus
1055 3767 1096 3804 ast
1110 3764 1174 3802 iuxta
1188 3763 1265 3803 Soram
1285 3763 1308 3802 lo

349 3819 456 3869 spelunca
468 3830 509 3859 sua
523 3819 629 3868 duplici
644 3819 672 3858 ln
685 3817 788 3859 Ebron.

155 3981 212 4028 40⁸)
225 3979 277 4018 lux
291 3983 310 4017 et
329 3979 605 4022 a.1209-1211.om.dl.
659 3979 682 4028 b)
696 3978 811 4028 aspirabat
824 3977 851 4020 ll.
905 3977 925 4024 c)
939 3975 1018 4017 Nuthlt
1031 3988 1050 4017 c.
1069 3977 1091 4016 Ιι.
1106 3977 1121 4020 Ι.
1175 3977 1198 4026 d)
1213 3976 1308 4016 Nuaehlr

189 4044 207 4076 e,
220 4033 242 4071 l.
253 4033 269 4072 1.
317 4033 338 4079 ο)
352 4032 465 4072 habebant
479 4043 495 4075 o.
549 4034 686 4081 neumate.
740 4031 762 4081 g)
777 4030 812 4070 li⁰
828 4031 907 4074 udde.
962 4029 1059 4078 blaise.
1114 4031 1268 4080 initiatorum
1282 4029 1308 4072 Ε.

191 4193 217 4259 1)
234 4192 426 4244 Adnotclloaea
449 4191 486 4242 ud
509 4207 540 4244 ou
565 4207 632 4259 quaa
653 4192 947 4247 α.1209-1ἳ15.οω
964 4189 1307 4247 Ηῑει.1ῐοῑη1ιανᾱεὼνηη.

189 4269 297 4332 sumpla
313 4270 378 4314 sual
395 4261 453 4314 olda
469 4263 507 4316 ad
525 4261 604 4318 Oron.
617 4263 871 4316 Runhardsoonn.
888 4279 915 4329 p.
929 4265 1092 4324 576-588.
1153 4263 1181 4330 2)
1202 4261 1309 4329 Philip-

188 4351 241 4402 pua
254 4335 399 4389 odoricus
457 4336 484 4402 3)
501 4333 565 4388 Sall.
583 4335 719 4388 mullum
733 4335 910 4402 praedicam,
930 4337 1001 4388 inor
1018 4335 1085 4388 duos
1102 4339 1201 4387 monta
1217 4335 1308 4385 uum.

155 4408 217 4473 sod)
243 4405 372 4458 Nicotaus
389 4404 443 4458 III.
532 4407 561 4472 b)
585 4406 702 4459 Nonum·
724 4405 858 4470 differunt
882 4406 912 4458 in
932 4407 1032 4471 Golifr.
1051 4405 1149 4458 Vltert.
1171 4403 1307 4456 Pantheon

186 4483 266 4544 pam
283 4476 334 4542 IV,
354 4475 618 4542 Pauorem-struve,
636 4477 684 4532 SS.
697 4476 737 4545 II,
754 4495 783 4546 p.
797 4479 839 4532 72.
