3136 4990
240 478 423 532 laamas
441 475 469 533 S.
482 477 599 532 PETRI
617 476 990 533 ERPHESFURTENSES
1009 477 1181 548 ANTIQUI.
1238 483 1270 536 11

258 654 408 707 Oastellum
428 655 457 707 in
476 654 607 707 altissimo
630 655 701 707 colle
724 654 805 706 situm
829 659 888 707 erat
912 658 940 708 et
962 673 1017 708 uno
1040 659 1148 709 tantum
1174 656 1271 709 itinere

160 725 265 794 ipsoque
283 724 450 779 difficillimo
470 725 540 778 adiri
558 729 674 793 poterat.
706 724 804 778 Cetera
822 725 923 778 montis
941 727 1028 780 latera
1040 727 1191 780 vastissima
1204 727 1272 780 silva

158 796 336 864 inumbrabat,
357 813 427 865 quae
446 795 545 850 exinde
564 796 719 864 permulta
737 795 814 848 milia
836 813 963 864 passuum
989 798 1120 850 continua
1144 798 1271 852 vastitate

158 867 184 919 in
207 869 290 920 latum
317 867 477 921 extenditur
501 884 586 936 usque
612 865 646 919 ed
672 865 821 919 confinium
846 866 1030 937 Thuringiae,
1056 873 1084 922 et
1109 869 1170 922 ideo
1196 871 1272 922 nulla

139 937 336 994 tobeidentium
356 938 500 1007 diligentia
514 937 648 990 conclusis
665 953 802 1006 egressum
814 939 859 990 vel
872 939 1022 1007 ingressum
1036 939 1141 1007 eripere
1154 945 1271 1008 poterat.

158 1008 214 1062 Rex
239 1009 341 1062 collato
370 1026 433 1062 cum
461 1008 516 1062 suis
541 1008 654 1062 consilio
685 1008 841 1076 frequentes
867 1009 902 1061 ad
932 1026 978 1062 eos
1009 1011 1114 1080 legatos
1143 1010 1272 1064 mittebat

158 1095 247 1147 pacem
278 1081 421 1148 postulans
451 1084 480 1133 et
511 1079 633 1132 omnium
661 1096 730 1147 quae
761 1079 822 1132 illos
850 1079 1022 1133 offenderant
1052 1081 1272 1134 emendationem

159 1150 290 1218 pollicens.
332 1149 368 1204 In
394 1167 476 1218 quam
503 1149 638 1204 actionem
666 1150 776 1203 intentis
800 1151 987 1219 suspensisque
1013 1152 1140 1205 omnibus
1164 1157 1193 1205 et
1217 1153 1271 1205 iam

159 1226 264 1288 propter
281 1238 326 1275 res
344 1223 417 1275 bene
429 1225 519 1290 gestas
533 1221 680 1273 immatura
692 1220 838 1274 securitate
850 1222 1032 1290 torpentibus,
1051 1227 1133 1276 nocte
1145 1223 1271 1291 quadam,

129 1308 214 1346 locum
231 1292 316 1345 nichil
335 1293 428 1345 minus
445 1292 656 1360 suspicarentur,
675 1291 732 1359 ipse
750 1290 913 1344 Bertoldum
932 1293 1029 1346 ducem
1054 1297 1082 1346 et
1100 1293 1168 1346 duos
1192 1310 1273 1362 supra

158 1368 316 1416 memoratas
336 1363 479 1432 episcopos
498 1367 526 1416 et
544 1363 612 1414 alios
624 1364 767 1431 plerosque
780 1362 929 1416 familiares
941 1380 1003 1416 suos
1015 1381 1106 1418 secum
1121 1365 1272 1432 assumpsit,

158 1438 183 1485 et
199 1435 333 1501 premissis
354 1438 418 1488 ante
436 1451 465 1487 se
483 1433 512 1486 in
530 1433 643 1486 sarcinis
660 1433 739 1502 regni
757 1433 910 1502 insignibus
934 1439 962 1488 et
983 1439 1087 1502 quauta
1112 1439 1220 1503 tempus
1246 1439 1274 1489 et

157 1521 196 1556 res
213 1505 392 1572 patiebantur
409 1509 488 1574 parte
506 1503 705 1571 thesaurorum,
725 1505 795 1557 clam
815 1522 937 1574 egressus
956 1510 995 1558 est
1014 1505 1048 1559 de
1068 1507 1188 1575 castello,
1208 1507 1272 1559 dato

157 1577 265 1644 negocio
283 1576 327 1628 his
348 1575 396 1643 qui
414 1575 487 1628 intus
504 1575 693 1642 remanebant,
712 1580 743 1628 ut
760 1580 870 1643 postera
888 1575 932 1628 die
952 1581 1053 1644 quanta
1077 1582 1188 1646 possent
1214 1581 1273 1630 arte

128 1647 315 1713 representiam
342 1647 384 1699 sui
401 1647 563 1699 simularent
586 1649 614 1699 et
635 1645 776 1699 hostiurna
798 1647 903 1699 anirnos
928 1664 944 1699 a
968 1647 1166 1716 suspicionibus
1191 1647 1273 1718 fugae

157 1733 216 1771 snae
243 1721 402 1773 avocarent.
448 1717 553 1770 Triduo
581 1733 631 1785 per
658 1717 837 1770 vastissimam
865 1717 961 1770 silvam
988 1718 1088 1786 ieiuni,
1119 1723 1150 1772 at
1177 1719 1272 1787 femur,

156 1789 351 1854 gradiebantur
369 1787 560 1858 angustissimo
580 1792 608 1842 et
626 1787 719 1856 paucis
745 1788 861 1841 antehac
880 1793 1021 1857 comperto
1047 1789 1165 1855 tramite,
1193 1807 1273 1859 quem

157 1863 264 1912 venator
282 1858 407 1928 quidam,
426 1860 482 1912 dux
501 1859 614 1924 itineris,
639 1857 706 1926 quib
728 1858 847 1912 venandi
870 1859 960 1912 studio
984 1861 1120 1914 sollertius
1143 1861 1273 1914 silvarum

157 1929 245 1984 abdita
269 1931 433 1998 rimaretur,
462 1929 694 1998 deprehenderat,
723 1929 843 1998 undique
869 1930 1126 1999 circumspectantes
1150 1932 1273 2000 gladium

126 2019 149 2056 ro
157 2005 182 2052 et
200 2001 232 2054 ad
250 2001 407 2070 quemlibet
425 2000 620 2068 perstrepentis
639 2017 704 2053 aure
729 2000 848 2053 sonitum
874 2001 996 2054 incursus
1021 2001 1140 2055 hostium
1166 2003 1274 2071 iamque

156 2071 244 2140 iugulo
263 2072 473 2125 incmnbentem
493 2071 633 2124 interitum
651 2070 838 2126 formidantes.
869 2070 974 2140 Quarto
993 2072 1037 2126 die
1055 2073 1154 2142 inedia,
1173 2073 1274 2142 vigiliis

157 2159 185 2194 ac
211 2143 291 2212 longi
321 2141 426 2196 itineris
453 2143 548 2195 labore
575 2159 660 2210 usque
692 2143 726 2195 ad
755 2147 906 2196 extremam
937 2142 1124 2196 lassitudinem
1156 2143 1275 2197 confecti

156 2211 340 2283 Pakenewege
370 2216 562 2282 pervenerunt.
613 2213 668 2267 Ubi
699 2213 761 2266 cibo
792 2230 941 2282 somnoque
971 2215 1114 2282 paululum
1149 2215 1274 2282 recreati,

157 2289 258 2351 postero
284 2285 338 2350 die,
356 2283 386 2336 id
404 2287 464 2338 este
481 2283 578 2336 Idibus
591 2283 675 2353 Aug,
693 2301 756 2336 cum
775 2283 829 2336 iam
848 2284 927 2337 miles
944 2283 1115 2353 frequentior
1134 2285 1168 2338 ad
1180 2303 1274 2356 regem

126 2355 294 2411 raconfluere
314 2355 437 2426 cepisset,
455 2353 635 2408 Herveldiam
654 2354 861 2409 contendemmt.

259 2426 386 2480 Saxones
405 2431 555 2494 comperto,
574 2425 648 2492 quod
667 2425 747 2478 elusis
766 2425 924 2479 custodibus
943 2425 996 2479 suis
1014 2445 1063 2479 rex
1077 2427 1104 2478 in
1118 2427 1184 2480 alias
1196 2427 1275 2496 regni
1286 2445 1428 2494 capream,

157 2502 241 2565 partes
263 2498 401 2563 erasisset,
427 2497 604 2550 vehementer
628 2501 692 2549 sunt
716 2497 877 2565 contristati,
898 2497 1069 2566 arbitrantes,
1093 2498 1122 2550 id
1141 2497 1213 2566 quod
1232 2517 1275 2552 res

156 2567 1067 2706 ttttttttlldhttttttttttttltltltltl’
1083 2567 1276 2694 tittttt

125 2709 221 2766 atfecie
248 2711 357 2763 bellum
382 2709 523 2778 publicum
552 2727 613 2762 cum
642 2709 720 2762 hoste
747 2709 859 2776 publico
886 2680 1058 2780 gerendumi
1081 2709 1197 2779 ideoque
1224 2711 1276 2764 sibi

156 2781 295 2850 expedire,
321 2785 352 2834 ut
370 2787 602 2904 qqsantascumque
620 2783 730 2847 possent
747 2785 844 2850 gentes
863 2783 891 2833 et
917 2797 1003 2850 regna
1029 2781 1157 2834 adversus
1183 2799 1275 2852 regem

156 2853 335 2906 concitarent.
397 2851 503 2904 rotinus
522 2851 625 2921 legatos
644 2852 777 2903 misemmt
796 2850 831 2904 ad
850 2850 1007 2920 Thuringos
1026 2852 1158 2904 auxilium
1181 2857 1276 2921 petere

156 2927 309 2992 stragem,
329 2926 361 2975 ut
379 2921 431 2990 ipsi
449 2938 499 2990 pro
518 2939 567 2974 sua
586 2939 694 2989 quoque
712 2921 839 2975 libertate
853 2927 881 2975 et
893 2921 1082 2990 frequentibus
1096 2923 1276 2990 contumeliis,

156 2994 255 3062 quibus
281 2993 399 3046 lacessiti
425 2993 546 3060 fuerant,
575 3009 651 3045 arma
678 3008 785 3046 sumere
811 3009 867 3045 non
895 2993 1100 3063 pigritarentur.
1142 2993 1278 3063 Thuringi

125 3065 338 3118 acceleberrimo
357 3069 494 3117 conventu
512 3063 607 3116 habito
627 3063 655 3116 in
674 3064 735 3116 loco
758 3063 805 3131 qui
830 3063 932 3117 dicitur
950 3063 1104 3132 Triteburc,
1130 3065 1177 3117 ubi
1203 3066 1277 3134 lega·

156 3137 260 3189 tionem
279 3135 421 3189 Saxonum
435 3134 588 3202 audierunt,
607 3134 809 3203 promptissime
822 3134 922 3187 assensi
935 3141 1006 3203 sunt,
1025 3152 1075 3188 neo
1088 3135 1145 3188 ulla
1158 3153 1277 3203 unquam

156 3207 260 3274 legatio
279 3206 440 3259 laetioribus
453 3205 696 3259 acclamationibus
708 3210 824 3273 excepta
836 3208 884 3260 est.
916 3205 975 3259 Nec
988 3205 1119 3259 moreius
1132 3205 1277 3259 iurandum

157 3277 224 3330 (lant
249 3295 383 3344 nusquam
408 3293 437 3330 se
462 3276 604 3330 defuturos
629 3276 760 3345 negocio,
788 3293 961 3330 communem
986 3277 1040 3330 sibi
1065 3294 1122 3331 esse
1152 3295 1213 3330 cum
1240 3277 1279 3330 eis

157 3348 330 3402 rebellandie
358 3347 563 3415 necessitatem,
591 3352 618 3400 et
644 3348 706 3400 ideo
734 3364 880 3401 commune
907 3347 1076 3418 periculum,
1105 3365 1278 3401 communem

125 3419 249 3486 raetiam,
268 3419 291 3471 si
309 3419 384 3472 Deua
402 3425 542 3484 annueret,
561 3419 705 3472 victoriam
724 3416 853 3485 futuram,
873 3435 954 3487 seque
974 3436 1058 3488 usque
1077 3419 1112 3471 ad
1125 3422 1278 3472 extremum

156 3490 284 3558 spiritum
312 3506 363 3557 pro
390 3489 530 3543 communi
562 3489 682 3542 utilitate
716 3488 900 3545 dimicaturos.
946 3490 1121 3544 Denunoiant
1153 3495 1279 3558 preterea

158 3561 253 3614 abbati
271 3559 405 3614 Fuldensi
423 3566 451 3614 et
470 3559 565 3614 abbati
583 3558 766 3613 Herveldensi
785 3565 814 3614 et
832 3561 947 3614 caeteris
972 3560 1150 3629 principibus,
1178 3561 1224 3629 qui
1250 3561 1278 3613 in

158 3631 312 3700 Thuringia
337 3631 495 3700 prediorum
521 3629 625 3699 aliquid
649 3630 798 3699 haberent,
826 3635 857 3684 ut
882 3632 917 3684 ad
943 3631 1086 3685 ferendum
1111 3631 1189 3699 genti
1214 3648 1278 3685 suae

158 3702 292 3756 auxilium
318 3701 363 3755 die
388 3706 490 3755 statuto
510 3702 678 3754 coniuraturi
697 3702 838 3771 venirent,
865 3702 917 3755 nisi
942 3702 970 3754 id
995 3702 1126 3769 facerent,
1153 3719 1181 3756 se
1205 3703 1279 3755 hona

125 3791 253 3828 saeorum
272 3773 398 3842 protinus
415 3773 508 3825 omnia
526 3772 688 3841 direpturos.
726 3772 826 3844 Legati
850 3772 932 3825 etiam
958 3774 1031 3842 regis
1054 3779 1278 3840 supervenerunt,

158 3845 283 3915 iugentia
302 3843 340 3897 eis
357 3842 492 3897 beneficia
510 3843 679 3912 pollicentes,
698 3844 721 3896 si
739 3844 818 3912 fedus
831 3843 972 3897 Saxonum
985 3844 1106 3914 bellique
1119 3845 1279 3898 societatem

157 3919 327 3984 respuerent
364 3913 421 3968 Sed
446 3931 508 3967 cum
533 3915 612 3983 gravi
638 3915 805 3968 contumelia
830 3919 893 3967 sunt
917 3916 1027 3984 repulsi,
1053 3916 1082 3968 in
1107 3919 1224 3982 tanturn,
1250 3919 1281 3967 ut

157 4003 208 4040 uec
226 3985 356 4039 manibus
375 3985 404 4037 in
422 4002 469 4038 eos
487 3985 564 4038 furor
582 3986 678 4054 populi
690 3989 878 4055 temperasset,
898 3985 950 4039 nisi
962 4004 1112 4054 paucorum
1126 3987 1279 4054 sapientum

156 4057 312 4112 moderatio
330 4060 446 4124 propter
463 4056 504 4109 ins
522 4057 655 4125 gentium,
674 4073 728 4125 quo
753 4055 851 4127 legatis
870 4063 911 4110 est
933 4055 1144 4112 deferendums.
1182 4056 1280 4110 Archi-

124 4129 302 4198 soepiacopus
338 4125 579 4197 Sigefriduse
610 4125 814 4197 Mogontinush
850 4127 1023 4196 Erphesfurd
1053 4128 1213 4181 morabatur
1246 4143 1279 4180 eo

157 4309 178 4352 a)
191 4317 229 4346 aa.
245 4307 269 4346 h.
284 4317 344 4345 corr.
359 4305 383 4344 h.
398 4315 434 4346 en.
447 4315 464 4346 c.
545 4305 568 4352 b)
586 4305 617 4344 etc
635 4315 708 4344 omnes
725 4305 788 4348 codd.
806 4305 920 4355 Lampertt
938 4317 964 4345 aa
982 4305 1159 4354 Erphearurtenss'
1173 4304 1281 4354 protecti,⁴

156 4360 207 4398 dum
225 4361 259 4400 «l.
274 4360 350 4409 prise.
432 4359 453 4407 a)
473 4355 511 4397 dle
529 4357 553 4396 ld
570 4368 586 4401 a.
667 4358 691 4409 d)
711 4358 742 4397 sa
760 4369 832 4398 omnes
849 4359 910 4402 eoae.
930 4359 1044 4408 Lampadi
1061 4369 1088 4397 err
1105 4357 1281 4422 Erphespsrtenet

155 4415 262 4461 protensa,-
276 4421 319 4452 nee
335 4412 415 4460 Lamp.
471 4408 662 4459 crotalissare.
717 4411 786 4461 nete,
800 4413 905 4451 massua
919 4413 1014 4460 streptu
1028 4422 1044 4453 e.
1098 4409 1121 4460 g)
1134 4411 1281 4459 siceitatem

157 4479 221 4505 mauu
235 4475 346 4516 υμνοι-ν.
401 4464 426 4514 h)
440 4475 499 4514 mog.
514 4485 541 4494 -
555 4468 655 4513 tempere
670 4465 717 4504 ulta
731 4476 810 4504 eoam
824 4477 890 4505 mana
904 4466 927 4504 ιἰι
941 4466 986 4504 loco
1001 4474 1053 4503 raso
1067 4464 1156 4514 sempera
