3136 4990
550 1324 906 1410 PRAEFATIO.

264 1529 357 1614 Cum
395 1545 550 1613 Orouioos
586 1547 619 1612 S.
652 1547 744 1612 Petri
775 1548 1004 1627 Erforcteusem
1038 1552 1224 1616 modernam
1258 1557 1288 1616 et

153 1634 560 1700 Reiutrarcisbruuuensem
591 1635 629 1700 iu
661 1634 858 1718 Scriptorum
890 1643 970 1702 tomo
995 1637 1115 1702 XXX.
1147 1640 1285 1704 edendos

147 1744 399 1806 proepmarm
431 1723 575 1806 oportuit,
605 1729 640 1788 ut
663 1724 833 1789 ouuotium
862 1725 900 1790 iu
922 1725 966 1790 iis
988 1727 1215 1808 exscriptorum
1237 1729 1285 1792 cet

154 1833 223 1876 cum
246 1813 302 1876 tu's
327 1813 556 1894 qroodcmmodo
580 1812 812 1877 cohaerentium
842 1819 871 1878 et
894 1821 1056 1879 auctorum
1079 1815 1135 1897 qui
1158 1837 1212 1881 eos
1235 1837 1283 1880 cc-

148 1899 341 1982 piloceruut
372 1901 493 1965 cortices
525 1922 625 1966 mauu
654 1900 788 1983 scriptos
819 1901 932 1966 multos
963 1903 1161 1986 adhiberem,
1190 1911 1226 1968 ut
1256 1911 1286 1970 et

154 1995 272 2054 tectum
304 2010 419 2054 eurum
442 1995 595 2070 quamtum
617 1988 692 2068 fieri
717 1995 842 2070 poteret
864 1990 1058 2056 restituerem
1081 1999 1111 2056 et
1132 1993 1284 2074 orroestio·

154 2098 210 2142 ues
233 2077 371 2143 criticas
394 2078 551 2142 solverem.
602 2077 714 2158 Itaque
737 2077 846 2159 coemit,
870 2085 907 2143 ut
927 2079 1074 2145 Auuuies
1089 2081 1283 2163 Erptcesfur·

154 2173 256 2231 tenses
288 2171 389 2231 autea
418 2165 456 2231 iu
480 2165 677 2248 Scriptorum
701 2166 793 2230 tomis
818 2167 877 2231 VI.
902 2175 931 2232 et
955 2167 1056 2232 XVI.
1088 2176 1118 2234 et
1140 2169 1196 2234 tuos
1217 2168 1283 2252 qui·

154 2255 223 2318 dem
258 2276 331 2320 uou
364 2254 475 2319 idonee
509 2261 602 2336 atque
630 2254 864 2336 imprudentius
893 2255 999 2338 editos,
1031 2264 1097 2321 tum
1130 2257 1284 2323 Orouicas

155 2343 424 2425 Eupeltrusiouos
453 2364 553 2408 uoooe
581 2341 715 2408 editioui
745 2343 812 2408 ium
838 2365 943 2425 poene
968 2351 1105 2426 porctos
1128 2345 1281 2428 iuberem,

154 2432 250 2496 etiam
275 2430 376 2496 Libri
407 2431 602 2496 cronicorum
626 2431 839 2511 Itrfordeusis
868 2432 1008 2497 codicum
1030 2433 1182 2499 maiorem
1205 2455 1283 2516 par·

153 2527 214 2586 tcru
245 2519 461 2601 contulissem,
492 2541 562 2585 cum
590 2519 666 2584 ittae
694 2519 849 2586 Orouicoe
877 2519 959 2603 tppu‘s
989 2525 1153 2587 doreutur.
1205 2523 1283 2588 Cum
1315 2557 1322 2569 ·

153 2609 256 2690 ἐρίων
282 2614 436 2674 statutum
458 2614 543 2689 esset,
567 2615 602 2672 ut
624 2608 767 2690 pretioso
790 2608 848 2673 itta
877 2608 1015 2674 Orouiou
1045 2611 1079 2676 S.
1104 2610 1194 2676 Petri
1222 2631 1283 2675 mo

154 2700 259 2763 derrw
285 2697 323 2761 iu
347 2697 407 2762 hoc
431 2696 606 2763 collectione
628 2695 743 2763 iterum
767 2699 918 2778 ederetur,
943 2699 1068 2763 cottecto
1091 2698 1151 2763 itta
1174 2699 1281 2763 omuio

153 2786 191 2851 iu
214 2784 354 2852 scriniis
377 2784 497 2851 uostris
519 2785 616 2850 lutere
640 2785 735 2867 dolui,
759 2806 858 2867 quare
880 2793 1041 2852 eroseoutus
1063 2808 1142 2868 sum,
1169 2793 1205 2851 ut
1226 2787 1283 2852 icoc

153 2874 316 2941 relumiue
354 2894 460 2938 outmes
497 2875 633 2939 cumules
670 2880 699 2938 et
736 2873 955 2940 citrouicorum
993 2875 1069 2939 iibri
1103 2875 1283 2955 Erfordioe

154 2985 237 3029 socc.
267 2961 358 3027 XII.
385 2961 498 3026 XIII.
526 2961 627 3028 XIV.
659 2961 828 3045 conscripti
857 2963 914 3028 hoc
937 2963 1094 3027 ootumiue
1117 2963 1282 3046 couiuupe·

154 3059 282 3117 reutur.
326 3051 417 3133 Quod
437 3057 474 3115 ut
494 3053 592 3132 fieret,
615 3049 776 3115 mouimus
798 3051 888 3116 tobor
909 3053 1057 3127 restabat,
1080 3057 1117 3116 ut
1144 3051 1282 3117 Crouico

156 3141 279 3205 Minor
301 3163 323 3204 c
351 3140 487 3221 quodum
509 3139 614 3219 fratre
644 3137 769 3204 ordinis
792 3138 963 3204 Miuorum
986 3139 1182 3219 Erfordcusi
1205 3161 1282 3205 com-

151 3229 273 3310 posita,
298 3227 389 3293 cuius
411 3226 581 3292 dimidium
603 3229 672 3307 fere
694 3233 820 3310 portem
843 3235 917 3292 oute
941 3229 1018 3310 ptus
1040 3227 1156 3310 cipiuti
1179 3249 1282 3294 ouuos

156 3317 193 3382 in
209 3316 411 3400 Scriptorum
433 3323 513 3380 tomo
530 3315 671 3381 XXIV.
695 3336 922 3397 recemsuerom,
946 3315 1073 3398 intepro
1097 3337 1165 3382 cum
1186 3316 1281 3381 couti·

156 3405 368 3472 mratiouitms
389 3403 458 3469 eius
472 3411 760 3487 recopmosoeret¹ur5
781 3426 876 3486 quom
892 3425 1019 3486 operum
1033 3404 1134 3470 taedii
1149 3406 1282 3486 pierium

156 3496 205 3559 oet
225 3493 349 3558 incitus
370 3493 408 3558 iu
430 3513 478 3558 me
500 3492 631 3574 suscepi,
655 3492 799 3574 quamuis
820 3493 877 3558 hoc
892 3514 983 3575 opere
1004 3494 1045 3558 ab
1066 3493 1144 3558 otiis
1165 3492 1282 3558 studiis

157 3580 352 3648 necessariis
367 3601 429 3662 per
452 3603 574 3646 cunum
596 3583 664 3661 fere
687 3581 876 3646 retraherem
912 3583 991 3646 Tum
1015 3581 1168 3647 Cicrouici
1185 3582 1282 3646 Soco-

157 3671 227 3736 uici
256 3669 451 3736 universatis
480 3669 748 3734 coutiuuatiouem
770 3691 792 3732 o
814 3669 984 3734 moouuo
1006 3671 1159 3736 Weitoud
1187 3671 1214 3735 b.
1238 3692 1280 3734 m.

158 3759 279 3825 editore
298 3757 534 3840 Thurinpicom
556 3757 631 3822 otim
654 3757 780 3838 dictum,
804 3779 899 3840 quom
923 3758 1102 3838 Erforrtioe
1124 3759 1280 3840 couscrip

158 3855 226 3913 tam
249 3867 315 3913 esse
332 3846 572 3928 perspemssem
596 3845 720 3912 addicti.

269 3936 364 4001 Novo
379 3935 504 4016 quictem
526 3941 619 4016 utque
640 3933 764 3999 inedito
786 3934 891 3999 cottum
914 3935 1007 4000 tector
1024 3934 1223 4017 paucissimo
1245 3934 1282 4000 iu

159 4025 217 4090 hoc
231 4023 389 4090 columine
411 4021 559 4103 iuceuiet,
582 4022 771 4104 oppmrdices
791 4022 935 4089 uidelicet
954 4023 1108 4090 Orouicoe
1124 4023 1279 4104 Minoris,

164 4112 336 4179 Grouicom
374 4111 651 4194 Eupetttusiouom
689 4111 719 4192 I,
758 4118 902 4193 excerpto
941 4111 1109 4192 Stottiouo,
1148 4111 1282 4193 deuique

161 4201 268 4266 ireres
295 4199 490 4283 reliquorum
521 4198 675 4265 librorum
701 4205 813 4281 portes
846 4199 967 4264 multius
993 4200 1041 4265 oet
1062 4199 1198 4265 miuoris
1219 4219 1281 4264 mo-

160 4289 267 4370 menti,
300 4310 358 4354 uec
389 4295 494 4354 tumeo
525 4309 597 4353 cere
627 4286 712 4353 edito
739 4287 804 4352 dici
826 4287 932 4369 potuit
959 4287 1113 4353 Crouicoe
1136 4287 1283 4352 Minoris

157 4400 238 4460 pars
256 4377 362 4461 prior,
386 4397 480 4459 quum
504 4377 554 4441 Io.
575 4375 734 4442 Pistorius
757 4375 831 4440 otim
853 4397 892 4440 ec
914 4397 978 4441 uuo
1001 4375 1082 4441 libro
1104 4375 1214 4441 mutilo
1237 4381 1282 4441 ot·
