3182 4996
312 451 503 507 cuculosa
517 452 545 509 S.
555 451 671 507 PETRI
683 451 844 508 ERFORD.
863 452 971 510 OONT.
986 453 1024 510 II.
1044 453 1079 510 A.
1092 457 1168 511 1349.
1181 458 1258 510 1350.
1294 457 1347 511 395

227 636 306 720 plus
330 657 431 719 quam
454 637 523 700 tria
546 636 651 708 milia.
676 657 754 700 cum
777 638 935 702 viderent
966 659 1001 702 se
1025 659 1146 702 manus
1169 626 1448 742 incircum-elffii]
1468 695 1510 734 m

229 725 397 790 cisorum⁸
424 745 493 788 non
524 745 623 809 posse
653 726 808 801 evadere,
833 746 868 790 se
898 727 990 852 ipsos
1013 729 1050 790 in
1073 727 1219 811 propriis
1244 728 1346 791 domi·
1380 727 1385 738 '
1413 707 1456 735 ‘m'
1510 726 1515 737 '

229 813 293 878 bus
325 817 562 878 cremaverunt
572 815 592 875 ¹.
639 813 723 878 Post
752 814 907 878 triduum
955 817 991 879 in
1016 815 1172 881 curribus
1196 817 1346 881 oneratis
1356 838 1424 878 narr.
1436 839 1467 881 n.

230 903 327 968 ducti
361 906 442 965 sunt
476 903 513 965 in
547 903 754 968 cimiterium
790 925 905 968 eorum
943 909 1024 970 ante
1058 904 1193 968 valvam
1228 905 1347 968 Sancti

204 987 421 1055 sMauricii*.

336 1083 458 1144 Annoe
487 1078 696 1157 M⁰ooc0n⁰‚
728 1102 819 1145 anno
842 1081 971 1146 iubileo
996 1103 1179 1147 concursus
1203 1102 1347 1165 magnus
1358 1055 1436 1172 {fibo

228 1190 346 1234 versus
369 1169 513 1233 Romam
542 1169 657 1234 factus
688 1174 749 1245 est,
779 1171 832 1235 ita
862 1176 902 1235 ut
931 1192 1031 1236 nemo
1055 1172 1194 1248 viveret,
1219 1173 1277 1254 qui
1300 1192 1348 1236 re·

230 1259 431 1324 cordcretnr
454 1258 496 1322 de
518 1260 619 1322 tanto
636 1278 804 1324 concursu
827 1261 870 1324 ad
895 1260 1015 1324 limina
1039 1265 1235 1325 sanctorum
1252 1259 1348 1325 Petri

229 1351 266 1413 et
288 1347 398 1411 Pauli.
446 1345 578 1425 Quibus
610 1348 769 1412 contritis
799 1351 834 1413 et
864 1350 1028 1414 confessis
1059 1353 1094 1414 et
1123 1349 1251 1413 ibidem
1282 1349 1349 1412 XV

192 1437 351 1501 rodiebus
380 1435 608 1500 existentibus
639 1458 729 1520 papa
752 1436 910 1502 Clemens
922 1433 1038 1501 'VI¹¹⁸d
1066 1438 1208 1502 donavit
1235 1439 1348 1503 remis·

229 1526 359 1589 sionem
394 1525 547 1589 omnium
582 1528 802 1608 peccatorum
836 1531 871 1591 et
903 1528 995 1592 idem
1026 1527 1241 1591 confirmavit
1274 1527 1348 1592 fieri

230 1616 323 1678 omni
347 1635 437 1678 anno
461 1614 647 1678 centesimo
671 1618 706 1680 et
729 1616 1021 1701 quinquagesimo.
1359 1679 1428 1732 1349

337 1703 540 1767 Procedenti
576 1723 653 1768 vero
688 1724 779 1767 anno
813 1704 1040 1788 plurimorum
1075 1705 1169 1770 mille
1205 1704 1423 1796 miliumwffl

229 1791 533 1856 innumerabilium
557 1811 703 1874 nequam
728 1793 981 1875 flagellatorum
1004 1795 1159 1878 prodicio
1184 1793 1238 1857 *in
1260 1794 1444 1868 Thu-*mm

192 1903 220 1942 1⁶
230 1881 351 1964 ringia,
383 1882 434 1944 ita
463 1883 504 1944 ut
532 1881 569 1944 in
596 1881 704 1966 pratis
729 1881 819 1945 circa
841 1882 1213 1966 Eilbrechtisgehovene
1242 1903 1348 1967 prope

230 1970 449 2034 Erfordiam2
478 1964 579 2054 sepes
605 1971 674 2033 tria
701 1970 798 2034 milia
827 1971 882 2035 vel
912 1971 1059 2055 amplius
1087 1971 1286 2036 viderentur
1313 1977 1349 2036 et

230 2060 266 2123 in
291 2059 511 2124 dedicacione
528 2058 699 2123 Gunstete
717 2059 789 2122 Vre
807 2060 904 2124 milia
926 2061 981 2124 vel
1004 2061 1107 2136 ultra,
1132 2064 1167 2125 et
1190 2061 1227 2123 in
1244 2061 1348 2124 omni·

232 2149 295 2214 bus
325 2147 524 2214 civitatibus
554 2141 609 2212 etb
637 2148 748 2231 opidis
778 2151 815 2212 et
843 2148 935 2212 villis
958 2149 1157 2233 'thuringie
1182 2142 1345 2233 exceptah

231 2239 305 2302 sola
327 2237 497 2314 Erfordia
523 2237 604 2320 quia
626 2237 675 2300 ibi
698 2238 859 2321 apparuit
887 2238 1052 2302 discrecio
1077 2237 1254 2302 consulum
1279 2259 1349 2302 non

193 2319 525 2411 supermittentium¹
547 2326 639 2410 ipsos
657 2326 797 2390 intrare.
833 2326 878 2390 nt
901 2321 973 2390 hiik
992 2327 1222 2411 flagellatores
1238 2328 1350 2391 multa

231 2417 323 2480 mala
345 2416 538 2480 iniecerunt
562 2415 653 2479 clero
677 2408 755 2498 perl
779 2409 917 2480 eorumb
945 2417 1215 2500 predicacionem
1243 2419 1278 2480 et
1300 2416 1349 2479 in-

231 2503 477 2570 obedienciam.
512 2503 589 2568 Nisi
605 2504 723 2567 divina
738 2505 972 2570 misericordia
987 2506 1192 2588 protexisset
1209 2504 1348 2581 clerum,

231 2594 379 2658 forsanm
411 2615 488 2657 cum
523 2614 641 2658 eorum
674 2593 817 2658 consilio
851 2595 1055 2658 interfectus
1085 2593 1140 2657 vel
1174 2594 1349 2678 lapidatus

231 2683 365 2747 fuisset.
401 2682 525 2745 Modus
540 2681 622 2746 talis
646 2689 785 2746 eorumn
804 2683 890 2746 fuit:
916 2682 1125 2748 Habuerunt
1147 2682 1255 2768 pileos
1271 2704 1349 2747 cum

195 2793 222 2832 rs
231 2771 346 2836 rubeis
370 2770 528 2834 crucibus
551 2771 588 2834 in
604 2771 727 2855 capite,
752 2772 865 2836 utrix
889 2777 1029 2856 possent
1044 2773 1170 2848 videre,
1196 2775 1231 2836 et
1250 2774 1350 2836 erant

344 2978 372 3048 ²⁴²)
391 2979 425 3031 M
440 2979 516 3031 addit
533 2979 659 3032 commi:

392 3060 487 3120 Pestis
509 3061 649 3134 repascit,
667 3061 762 3135 plebis
784 3079 891 3136 ortoque
913 3056 1009 3120 millio
1031 3063 1144 3120 stravit.

391 3148 530 3208 insolitus
547 3151 673 3223 populus
695 3150 825 3224 depellat
846 3167 876 3208 se
897 3150 1068 3210 seminudus

394 3237 569 3297 Contremuit
591 3239 683 3308 tellus,
702 3239 881 3313 populusque
903 3244 1046 3298 crematur
1068 3239 1226 3298 Hebraeus.

196 3343 223 3383 ro
392 3325 520 3401 inclytus
543 3331 626 3401 utque
642 3328 714 3402 pius
731 3327 869 3402 princeps
891 3329 961 3387 obiit
983 3328 1148 3399 Federicus,

391 3415 444 3474 Fit
467 3421 561 3475 terrac
583 3416 718 3475 dominus
741 3416 897 3476 Federtcuc
919 3417 998 3489 fitius
1020 3418 1088 3475 eius.

232 3621 254 3669 a)
273 3609 389 3660 icisorum
403 3621 434 3667 E,¹
454 3618 574 3658 tncbornm
589 3621 623 3662 M.
669 3619 700 3670 b)
720 3631 761 3663 om.
775 3622 810 3660 M.
855 3621 876 3670 c)
896 3621 948 3661 hacc
962 3643 988 3650 -
1002 3621 1017 3663 1.
1032 3622 1065 3663 17.
1084 3631 1125 3663 om.
1139 3621 1174 3662 M.
1227 3619 1250 3670 d)
1266 3619 1309 3659 v1⁰
1323 3620 1349 3663 Ε.

232 3675 253 3721 e)
267 3671 496 3722 Elbrechtirgobavsn
509 3673 535 3714 Ε.
589 3673 606 3720 f)
619 3673 651 3712 etc
664 3673 725 3716 Com.
742 3675 784 3713 111
786 3688 794 3722 ,·
808 3685 833 3714 ec
846 3675 872 3717 Ε.
913 3674 936 3725 g)
950 3677 1014 3714 Anno
1029 3675 1088 3716 1348.
1103 3684 1141 3714 sex
1155 3685 1185 3712 m.
1201 3685 1222 3716 v.
1236 3684 1258 3715 u.
1272 3673 1350 3724 flagel-

231 3727 326 3767 latorum
341 3732 406 3767 erant
420 3727 442 3765 in
455 3726 516 3770 civit.
529 3727 565 3776 M,
580 3727 617 3765 ebt
629 3727 682 3766 haec
696 3731 745 3766 anto
754 3740 778 3776 p.
788 3729 835 3776 384,
851 3728 908 3771 1.18.
922 3729 1029 3778 uruntur.
1079 3727 1102 3778 h)
1115 3729 1146 3766 cic
1159 3729 1190 3767 M
1192 3741 1200 3774 ,·
1214 3732 1308 3778 excepts
1324 3728 1351 3770 Ε.

196 3781 247 3828 tbi)
261 3779 404 3829 pemittenc
420 3780 454 3828 Ε,·
475 3779 514 3830 qni
528 3790 572 3818 non
586 3780 745 3829 permittebant
759 3792 797 3820 eos
812 3782 845 3823 M.
898 3781 923 3832 k)
944 3781 975 3822 Et
989 3782 1019 3821 hit
1033 3792 1074 3825 om.
1088 3783 1122 3823 M.
1186 3780 1202 3832 l)
1220 3789 1237 3840 p
1252 3781 1311 3832 (pro)
1325 3782 1350 3824 Ε.

232 3833 263 3884 m)
277 3834 371 3874 forsitan
384 3835 420 3876 M.
472 3833 495 3884 n)
510 3833 525 3877 t.
539 3844 559 3876 e.
572 3834 607 3876 M.

231 4013 447 4078 consmptionem
465 4013 628 4078 quaestione
644 4011 726 4062 huius
744 4013 839 4074 caeca
867 4012 961 4078 Beyer,
981 4013 1052 4068 ‘UB.
1070 4013 1096 4067 d.
1115 4012 1154 4066 St.
1173 4013 1291 4076 Erfurt'
1311 4013 1350 4077 II,

228 4099 259 4150 p.
271 4083 324 4137 252
336 4097 400 4150 squ,
419 4097 464 4136 nr.
476 4085 537 4136 314.
621 4084 647 4159 1)
667 4083 707 4146 Cf.
727 4083 938 4135 additamentum
956 4085 1028 4138 Anu.
1047 4083 1239 4151 Erpheefurd„
1264 4101 1351 4152 cupra

228 4153 623 4280 tttttm‘tt”“”‘“t
811 4155 1116 4278 ”rursum
1134 4161 1179 4278 s
1204 4157 1261 4278 ..2³
1276 4156 1351 4278 ru

195 4238 265 4348 maii
283 4267 366 4348 unser
383 4241 474 4348 ligben
492 4229 597 4348 iriwii
608 4267 670 4363 uas,
689 4240 848 4350 cbmmintiu
857 4241 1037 4361 biberari,
1056 4241 1350 4365 ‹iuriiobocpcobilgiiiepb

232 4375 366 4433 repnpact.
439 4368 467 4432 3)
489 4365 602 4420 Eosdem
627 4369 741 4434 quinquo
766 4383 857 4420 cereres
881 4367 958 4420 habet
976 4369 1128 4434 Fabricius,
1148 4369 1249 4420 limum
1267 4369 1350 4423 Mun.

233 4439 298 4493 libri
309 4437 371 4492 VII.
386 4455 416 4505 p.
430 4438 472 4493 51.
492 4439 528 4489 ac
546 4455 572 4494 a.
586 4441 663 4494 1349.
