3130 4990
246 489 426 546 ANNAIJES
444 489 631 547 ERPHORD.
650 491 838 547 FRATRUM
855 491 1192 548 PRAEDIOATORUM.
1230 495 1282 550 103

180 675 260 738 stein
270 675 289 750 ¹,
313 674 535 739 Hermannus
557 674 720 740 videlicet
737 722 925 738 ........
932 679 948 712 ³
971 679 1007 740 et
1030 676 1214 741 Heinricus
1238 678 1281 742 de
1292 685 1368 737 1248.

180 757 366 838 Balatedel,
394 765 432 826 in
455 764 511 828 die
535 765 742 829 ascensionis
765 765 906 828 Domini
928 765 1063 828 nefaria
1085 767 1281 830 temeritate
1292 789 1388 828 narsae.

180 851 312 936 ingressi
335 853 509 935 quoddam
532 851 698 917 allodium
730 854 975 917 monachorum
1000 855 1041 918 de
1058 853 1157 919 Valle
1182 855 1282 919 Beati

180 939 328 1024 (ieorgiie
356 941 451 1005 omni
474 941 706 1026 suppellectili
730 964 807 1006 curn
835 941 1015 1026 pecoribus
1038 942 1280 1026 spoliaverunt,

151 1027 367 1094 ⁵Cunredum
405 1030 558 1114 ipsorum
593 1031 823 1108 cellerarium,
859 1031 1022 1095 devotum
1060 1033 1281 1109 sacerdotem,

179 1135 248 1180 cum
277 1118 354 1181 aliis
384 1120 556 1182 conversis
586 1141 625 1183 ac
655 1119 796 1183 famulis
824 1120 961 1184 circiter
983 1119 1109 1183 XVIII
1133 1121 1283 1202 graviter

178 1205 399 1284 vulnerantes,
424 1209 510 1272 adeo
534 1211 574 1271 ut
597 1209 702 1272 etiam
726 1229 815 1272 unus
836 1229 1075 1273 conversorum
1092 1212 1281 1272 extremum

178 1295 346 1360 exhalaret
370 1297 540 1380 spiritum.
587 1296 739 1375 Quorum
764 1297 897 1362 cladem
920 1300 1016 1361 totus
1040 1293 1277 1361 liriordensis‘l

178 1382 280 1448 clerus
310 1385 475 1449 miserans
505 1385 642 1469 illisque
674 1387 898 1470 compatiens,
930 1387 1084 1470 proxima
1113 1385 1204 1448 IIII.
1235 1406 1282 1449 se·
1294 1407 1342 1450 a...
1350 1409 1369 1451 a.

148 1489 170 1528 ιο
178 1474 289 1555 quenti
310 1474 399 1538 feria
422 1473 616 1558 generalem
640 1495 701 1559 per
722 1475 898 1539 civitatem
920 1475 1078 1538 fecerunt
1101 1475 1282 1558 processio·

178 1581 257 1636 nem,
288 1564 325 1625 in
348 1583 416 1645 qua
443 1564 488 1627 ad
511 1563 648 1628 sceleris
671 1565 902 1628 ostensionem
926 1563 1011 1627 dicti
1038 1564 1155 1627 fratris
1179 1564 1282 1628 occisi

176 1651 288 1715 tunica
322 1653 489 1736 sanguine
521 1655 702 1717 cruentata
736 1673 797 1736 pro
827 1652 1043 1716 lamentabili
1072 1652 1197 1717 vexillo
1228 1654 1282 1717 de·

175 1739 356 1804 ferebatur.

31 1893 32 1900 ,
275 1829 352 1894 Hoc
383 1850 473 1894 anno
508 1830 545 1892 in
576 1829 768 1913 septimana
802 1833 1019 1914 pentecostes
1048 1850 1107 1894 rex
1138 1829 1281 1894 Francis
1291 1851 1422 1894 aar-1³.

31 1929 32 1932 ’
146 1934 248 1981 scum
263 1939 367 1984 uxore
391 1919 475 1983 sua²
496 1917 731 2002 fratribusque
754 1919 885 2003 ipsius³
908 1939 985 1982 cum
1003 1918 1167 1982 uxoribus
1190 1919 1281 1982 suis⁴

175 2007 214 2069 ad
237 2007 375 2072 Terram
399 2007 561 2070 Sanctam
586 2027 663 2071 cum
687 2028 812 2090 magna
836 2007 1016 2072 devotione
1039 2007 1106 2070 iter
1130 2007 1172 2070 de
1191 2006 1281 2070 Pari·

175 2095 258 2158 sius⁰
282 2097 512 2179 arripuerunt.
559 2096 649 2160 Nam
671 2095 708 2159 in
732 2095 894 2180 capitulis
917 2096 1063 2159 fratrum
1089 2095 1281 2160 Predicato-

174 2203 243 2246 rum
275 2187 378 2266 atque
402 2183 576 2248 Minorum
606 2185 700 2248 flexis
723 2184 869 2268 genibus
892 2185 1044 2267 ipsorum
1068 2183 1281 2248 orationibus

175 2271 348 2336 humiliter
385 2291 420 2336 se
459 2273 786 2338 commendaverunt
797 2272 819 2335 ⁵.
877 2272 1065 2337 Habebant
1102 2273 1206 2336 etiam
1244 2273 1281 2336 in

144 2363 336 2425 aconitatu
365 2361 519 2426 Romane
549 2363 639 2425 sedis
668 2361 845 2445 legatum⁶
874 2383 951 2426 cum
982 2360 1186 2444 quibusdam
1214 2361 1281 2445 epi·

173 2451 278 2533 scopis
301 2470 365 2514 nec
388 2471 458 2514 non
482 2451 684 2533 magistrum
708 2451 837 2514 ordinis
860 2449 1152 2515 Pnedicatorumi.

273 2539 404 2603 Eodem
435 2560 524 2602 anno
548 2539 629 2602 VII.
653 2539 739 2603 Idus
762 2539 847 2602 Iulii
869 2539 1044 2604 Albi-laci
1073 2539 1238 2623 oppidum
1262 2559 1360 2604 arura.

174 2625 382 2692 Senonibus⁸
405 2631 640 2712 expugnatum
656 2631 718 2693 est.
755 2628 823 2692 Sed
845 2628 899 2691 illi
922 2630 965 2693 de
982 2632 1103 2704 castro,
1128 2649 1172 2692 ne
1195 2629 1281 2711 ipso·

172 2735 244 2778 rum
278 2717 466 2781 adversarii
499 2715 627 2781 ibidem
660 2721 778 2780 tutum
813 2716 980 2781 haberent
1013 2716 1279 2800 receptaculum,

32 2831 33 2844 ¹
144 2804 320 2870 ”eiusdem
352 2806 502 2870 civitatis
536 2805 705 2869 furtivum
735 2809 964 2889 procurarunt
997 2805 1209 2879 incendium,
1245 2825 1280 2869 se

105 2894 251 2958 'ra-satis
273 2894 422 2959 viriliter
444 2893 679 2959 defendentes.
717 2894 908 2958 Undecimo
930 2895 1072 2959 tandem
1096 2897 1173 2977 post
1198 2893 1370 2958 *hecnam

33 2993 34 2998 ’
174 2981 225 3046 die
254 2983 430 3047 marchio⁹
458 2984 599 3048 veniens
633 2982 764 3047 dictum
794 2983 959 3066 oppidum
989 2982 1133 3047 obsedIt.
1181 2981 1281 3060 Quod

173 3071 325 3136 ridentes
341 3072 502 3150 Saxones,
527 3071 677 3136 latenter
700 3072 836 3156 egressi,
861 3071 1035 3136 residuum
1060 3071 1211 3135 civitatis
1234 3071 1281 3133 in·

174 3161 368 3226 conderent.
404 3159 494 3224 Dein
511 3160 662 3224 marchio
678 3160 835 3244 plurimis
851 3159 1015 3224 comitum
1031 3159 1123 3223 villis
1138 3159 1281 3223 vastatis

146 3247 337 3326 enecatio,
362 3249 406 3313 X.
431 3248 510 3312 Kal.
536 3249 687 3332 Augusti
709 3250 807 3312 iurta
830 3249 1057 3332 Ilrpbordiam
1081 3253 1193 3312 castra
1216 3268 1378 3312 mensa.

173 3339 262 3402 tatus
279 3343 347 3415 est;
372 3339 521 3421 indeque
543 3339 649 3402 tertia
665 3337 720 3402 die
742 3338 905 3402 recedens
916 3337 951 3416 ¹⁰,
975 3337 1147 3420 quoddam
1164 3335 1374 3400 castel-rums.

173 3424 240 3489 lum
263 3426 422 3491 Heinrici
445 3427 566 3490 militis
590 3428 632 3491 de
657 3421 877 3491 Baldesteter
896 3427 933 3489 in
955 3425 1038 3489 villa
1062 3425 1183 3489 Husen
1207 3445 1282 3488 con-

172 3619 296 3665 amorium
312 3629 402 3656 mesum
417 3617 455 3661 rel.
470 3619 493 3666 ¹3
514 3623 537 3656 et
550 3615 653 3666 supplevi.
716 3613 739 3665 b)
758 3616 819 3662 infra
833 3617 847 3660 l,
861 3615 894 3659 82.
908 3613 1043 3657 Baldcsteic.
1112 3613 1133 3665 c)
1147 3613 1249 3664 oregoru
1264 3617 1282 3658 1.

174 3670 354 3719 cfflrroraiema
370 3673 388 3714 ι.
441 3671 463 3721 c)
476 3671 570 3710 Parlsllo
584 3673 603 3713 l.
657 3670 716 3718 nes.
729 3681 798 3718 cupva
816 3681 837 3712 n.
851 3669 872 3712 b.

145 3833 166 3874 ²⁵
175 3831 198 3894 1)
215 3830 305 3881 Huius
317 3833 403 3881 caetra·
412 3830 515 3881 domini
526 3831 604 3880 etiam
622 3830 652 3881 in
666 3829 791 3896 praediis
803 3829 959 3880 monasterii
969 3827 1283 3880 Reicitur-detrusimus

169 3907 254 3966 postea
273 3903 390 3967 rapinas
407 3902 499 3965 foerbae
515 3901 643 3952 dicuntur
659 3903 689 3951 in
700 3900 780 3955 Oros.
790 3899 983 3953 Reinbardetr.
997 3915 1022 3952 a.
1034 3901 1111 3964 1259,
1128 3899 1176 3952 SS.
1187 3898 1280 3964 XXX,

154 3975 156 3980 ’
171 3989 196 4038 p.
208 3973 266 4026 622.
340 3972 369 4038 2)
385 3971 552 4038 narqaraa.
625 3974 653 4038 3)
672 3971 778 4023 Karolo
796 3972 885 4022 wmdc
903 3971 1070 4036 Andaepaoiae
1088 3977 1111 4022 at
1129 3969 1240 4023 Robora
1258 3969 1281 4023 I.

173 4045 258 4094 wmiic
275 4044 406 4097 Auseae.
477 4045 506 4110 4)
528 4043 648 4094 Beate-iae
666 4047 689 4093 at
707 4041 847 4097 Maibilde.
910 4043 937 4108 5)
957 4041 1001 4105 Of.
1013 4041 1160 4093 Salimbcnc
1177 4041 1200 4104 s.
1213 4040 1282 4096 301⁶

176 4115 280 4179 -3030,
301 4115 340 4168 ed.
352 4113 445 4167 Parm.
459 4130 490 4181 p.
504 4115 538 4168 93
549 4130 604 4180 sqq.
660 4115 687 4180 d)
707 4111 909 4166 admoneare.
929 4113 1075 4178 episcopum
1092 4112 1281 4164 Tusculanum.

144 4186 198 4248 ⁴07)
216 4184 360 4236 Iohannem
377 4201 463 4254 cupra
481 4201 506 4239 a.
522 4187 598 4240 1240.
617 4183 723 4236 duum.
794 4183 822 4251 8)
841 4183 922 4234 Liber
939 4199 1011 4237 oron.
1028 4181 1150 4248 Erford,
1171 4181 1237 4244 Ἤρ.
1256 4181 1281 4233 d.

174 4253 246 4309 eoo.
264 4255 390 4307 Sachem'
409 4255 436 4322 I,
459 4273 488 4324 p.
507 4259 575 4311 213:
601 4255 636 4307 ab
664 4253 796 4306 advocato
821 4255 958 4319 (Heinrici
985 4255 1133 4319 lancravii
1153 4253 1283 4314 Haecine)

174 4323 291 4378 Wilkino
311 4325 405 4378 stillis
417 4325 533 4379 dominis
546 4325 580 4378 de
593 4323 806 4379 Suaderahusen.
834 4325 875 4389 Of.
888 4325 907 4376 I
909 4325 965 4390 ipen
978 4330 1001 4375 et
1012 4325 1091 4390 Vogel
1104 4341 1133 4390 p.
1148 4325 1208 4388 129,
1224 4339 1250 4375 n.
1261 4321 1281 4373 l.

175 4395 212 4459 Of.
232 4397 311 4451 eron.
330 4397 358 4450 S.
372 4398 446 4450 Petri
465 4399 540 4452 1248.
625 4401 652 4464 9)
671 4397 816 4449 Maneant
833 4395 986 4450 Heinrioue.
1071 4397 1114 4460 10)
1136 4395 1208 4445 Bene
1222 4407 1283 4446 con-

174 4469 236 4518 uenit
253 4485 311 4520 cum
331 4468 378 4520 hoc
396 4469 447 4521 loco
465 4470 591 4520 Crombac
609 4469 637 4524 S.
651 4469 726 4520 Petri
743 4469 814 4520 locata
831 4483 864 4520 ac
882 4466 937 4518 alio
954 4467 1026 4532 fonte
1043 4466 1163 4518 lausus.
