3136 4990
540 1224 823 1312 CHRONIOI
854 1223 1210 1310 EKKEHARDI

494 1376 983 1464 CONTINUATIO
1026 1377 1268 1462 BREVIS

681 1531 731 1614 Α.
765 1533 1071 1616 1125-1169.

423 1691 472 1776 In
501 1711 603 1777 codice
635 1707 664 1794 1)
688 1709 886 1775 bibliothecae
915 1708 1021 1792 rosiae
1050 1709 1302 1775 Drasdensis
1331 1711 1362 1776 J
1382 1715 1434 1792 48,

317 1801 396 1865 mbr.
418 1801 486 1882 sol,
509 1821 590 1865 saeo.
609 1799 698 1882 XII,
722 1798 778 1880 qui
799 1798 864 1879 snit
887 1799 975 1865 liber
994 1798 1090 1864 Oelle
1107 1799 1141 1863 S.
1157 1799 1266 1864 Meris
1291 1794 1470 1876 (Vetera-s

318 1889 507 1973 oellonsts)²,
531 1889 556 1968 f.
577 1887 771 1953 lou-161.
800 1886 994 1953 continuatio
1024 1887 1435 1953 boeoisa.1125-1169.

318 1977 508 2044 Elbebardi
527 1977 687 2044 Chronico
702 1999 733 2041 a.
749 1981 843 2040 1125.
861 1975 1017 2042 desinenti
1031 1976 1198 2041 nobiunola
1217 1982 1270 2054 est,
1294 1977 1437 2042 nunionis·

318 2089 477 2132 annorum
500 2065 625 2148 seriptis
648 2068 688 2131 ab
703 2087 734 2129 a.
755 2070 848 2130 1126.
872 2086 969 2146 usque
991 2067 1036 2129 od
1057 2067 1220 2129 a.1184.²
1257 2066 1344 2146 Quae
1367 2087 1436 2131 oon-

318 2156 454 2222 tinuatio
477 2176 515 2220 ea
537 2155 594 2219 boo
609 2154 721 2235 cadiae,
751 2160 787 2220 nl
807 2153 940 2236 oidolur,
972 2174 1042 2217 nom
1063 2153 1255 2218 Elbebardi
1274 2153 1436 2220 Obronieo

320 2245 477 2327 desoiipta
499 2245 566 2309 est³
587 2243 624 2308 in
1446 2269 1473 2307 ιο

426 2332 458 2416 2)
481 2331 583 2399 oodioe
599 2331 798 2397 bibliotbeoao
812 2329 1031 2396 universitatis
1047 2330 1072 2394 I
1072 2330 1226 2396 ensnsis
1247 2331 1304 2410 fol.
1317 2353 1368 2396 nr.
1383 2337 1434 2414 65,

319 2424 397 2488 mbr.
421 2423 488 2503 fol,
511 2442 591 2486 seeo.
609 2421 711 2502 XIV,
742 2419 899 2501 closoiipta
928 2417 1003 2484 olion
1032 2440 1071 2484 en
1099 2420 1155 2485 boe
1178 2442 1200 2485 a
1228 2419 1302 2486 Uar.
1329 2421 1434 2486 Stolos.

427 2507 458 2594 3)
488 2509 591 2576 oodioe
614 2509 812 2574 bibliothocae
834 2507 940 2590 rosiae
959 2507 1210 2574 Dresdonsis
1233 2509 1269 2574 F
1281 2515 1333 2592 60,
1356 2510 1434 2574 mbr.

319 2599 385 2681 fol,
409 2620 490 2664 saec.
517 2598 617 2679 XIV,
642 2595 897 2677 finon-223¹.

425 2688 517 2752 Haec
551 2685 754 2753 Oonlinnalio
794 2705 832 2750 en
869 2684 987 2751 duobus
1016 2685 1188 2750 annalibus
1222 2685 1276 2767 qui
1312 2693 1473 2752 eastaodn

319 2776 488 2858 composita
510 2782 562 2856 est,
593 2774 777 2840 Annalibus
799 2773 1000 2856 Aquensibus
1026 2774 1175 2855 uidelicet,
1207 2775 1267 2840 SS.
1294 2774 1433 2854 XXIV,

312 2888 349 2948 p.
378 2870 531 2930 33-38.
562 2863 667 2946 editis,
698 2869 733 2928 nt
766 2862 807 2928 G.
834 2862 942 2929 Waitn
971 2865 998 2928 b.
1022 2883 1063 2926 m.
1094 2861 1210 2928 ibidem
1237 2885 1273 2946 p.
1297 2870 1350 2928 33.
1381 2866 1434 2929 ad·

319 2953 448 3035 notauit,
487 2959 516 3018 st
551 2952 737 3018 Annalibus
775 2953 808 3017 8.
844 2951 935 3017 Petri
968 2951 1171 3034 Ilrpbessurl.
1210 2951 1366 3034 breodns,
1401 2959 1436 3018 ul

319 3042 439 3108 ostendi
469 3041 523 3107 Ἦ.
546 3041 681 3108 Arobio’
714 3041 825 3122 XXI,
853 3062 890 3122 p.
921 3045 984 3104 698
1012 3061 1058 3122 sq.
1105 3042 1170 3106 Sed
1201 3040 1231 3105 is
1264 3040 1319 3123 qui
1352 3042 1436 3122 bano

324 3131 599 3198 Gontinaolionom
632 3129 823 3195 Ellebordi
861 3128 1018 3195 Chronico
1051 3149 1131 3195 saec.
1165 3129 1255 3194 XII.
1284 3151 1331 3194 en.
1367 3131 1474 3197 sub-n

319 3220 425 3286 innuit
446 3226 648 3301 utrorumque
673 3217 842 3284 annalium
867 3217 1063 3299 exemplaria
1090 3217 1262 3283 uetustiora
1289 3217 1333 3282 iis
1356 3238 1436 3300 quae
1545 3301 1546 3304 Ἴ

319 3331 404 3376 nune
420 3314 544 3374 exstant
560 3307 714 3389 adhibuit,
728 3309 812 3372 nub
822 3327 962 3389 suprap.
972 3311 1013 3370 52
1023 3327 1089 3388 sqq.
1105 3306 1285 3372 Annalium
1298 3308 1331 3372 8.
1345 3307 1436 3372 Petri
1543 3325 1546 3382 J

1543 3389 1545 3432 l

320 3398 459 3464 brevium
481 3397 640 3479 exemplar
661 3417 742 3462 saec.
760 3395 862 3461 XVI.
886 3394 932 3460 in.
959 3394 1110 3477 sonntum
1132 3416 1187 3478 ope
1209 3395 1304 3460 buius
1331 3395 1435 3462 Conti-
1543 3443 1544 3462 .

320 3486 483 3552 nuadonis
504 3484 661 3568 oorrioore
677 3484 848 3567 potuimus.
894 3485 940 3548 Et
961 3485 1116 3565 bundam
1137 3484 1175 3548 in
1197 3483 1257 3550 bac
1279 3484 1434 3566 leuantur,
1542 3475 1544 3484 ⁴

319 3574 450 3657 quaein
465 3575 635 3640 o·eoentiore
650 3571 821 3656 onemplari
831 3572 1013 3638 Annalium
1023 3573 1220 3654 Aquensinm
1231 3593 1311 3638 saeo.
1323 3573 1434 3656 XIII,
1445 3601 1477 3641 n

320 3665 403 3745 qnod
424 3669 533 3745 exstat,
557 3663 673 3728 omissa
695 3663 743 3726 oel
764 3667 886 3726 mutata
908 3683 973 3726 esse
996 3663 1183 3727 oeoossndum
1205 3667 1258 3726 est.

427 3752 471 3816 In
500 3749 690 3816 monasterio
719 3749 954 3816 Veterooellensi
982 3750 1066 3815 bano
1093 3749 1368 3816 Continuationem
1397 3771 1436 3816 ea

320 3839 387 3904 illis
423 3841 542 3905 duobus
570 3839 742 3905 annalibus
771 3837 888 3904 alienis
917 3838 1117 3920 compositam
1147 3861 1211 3904 esse
1242 3859 1307 3904 non
1338 3839 1435 3919 facile

321 3927 407 3994 orodi
424 3933 534 4009 polest.
570 3928 615 3992 In
630 3927 814 3994 Annalibus
833 3927 1125 3993 Veteraoellensibus
1140 3949 1178 3992 sa
1192 3927 1277 3993 inter
1291 3935 1433 3992 a1133.

321 4022 350 4082 et
368 4022 461 4097 1167,
480 4017 539 4081 88.
559 4016 660 4096 XVI,
670 4037 706 4098 p.
721 4022 772 4092 42,
793 4017 950 4099 exempta
964 4021 1018 4098 est,
1038 4017 1095 4082 sod
1107 4017 1217 4082 monui
1234 4016 1288 4081 ‘N.
1301 4017 1477 4083 Arobio'oo

323 4171 350 4238 1)
367 4171 408 4224 Do
429 4173 477 4224 hoo
495 4179 517 4224 et
541 4171 614 4227 codd.
632 4175 694 4227 23
721 4174 755 4236 of.
775 4171 894 4224 ‘Arellio'
925 4173 971 4238 VI,
985 4189 1015 4239 p.
1033 4175 1094 4229 223.
1128 4173 1188 4239 VII,
1204 4191 1232 4241 p.
1245 4176 1306 4228 262.
1325 4175 1378 4229 498
1395 4191 1433 4240 oq.

329 4242 406 4310 VIII,
421 4260 451 4311 p.
465 4245 530 4310 6963
549 4243 597 4298 88,
621 4243 668 4304 VI,
684 4261 712 4311 p.
727 4246 768 4299 15.
839 4245 868 4310 2)
888 4243 941 4296 Sed
957 4244 1121 4310 aba.1170,
1140 4247 1217 4296 ouius
1228 4247 1435 4298 onninamente

323 4314 379 4365 alia
403 4331 486 4366 manu
515 4317 545 4366 ln
570 4314 623 4366 loeo
647 4329 711 4367 raso
735 4316 851 4381 sar-iptio
875 4322 920 4381 est,
952 4315 1025 4368 nibil
1055 4316 1175 4368 numeris
1198 4316 1364 4383 adscriptum
1389 4321 1433 4369 est.

321 4387 350 4450 3)
370 4385 415 4436 Ita
432 4401 500 4449 vero,
519 4391 548 4437 ut
566 4385 809 4441 musaeum
823 4385 1163 4452 oaanplaresseoideatur,
1182 4401 1241 4437 enm
1257 4393 1365 4454 unque
1373 4393 1435 4453 post

321 4457 483 4508 Ellebardo'
495 4455 643 4509 curonaon
656 4456 734 4508 Gesta
745 4455 891 4522 Daooberli
901 4460 1038 4512 contineat.
1065 4457 1106 4522 Cf.
1117 4457 1166 4514 88.
1175 4457 1273 4512 Meroe.
1284 4457 1324 4525 II,
1334 4475 1362 4526 p.
1373 4459 1432 4513 397.
1444 4471 1480 4510 ab
