3136 4990
257 429 446 486 ANNALES
465 430 494 486 S.
507 430 625 486 PETRI
642 431 1017 489 ERPHESFURTENSES
1034 433 1207 504 ANTIQUI.
1280 438 1298 492 0

167 611 318 694 noetianos
341 619 371 676 et
393 612 431 677 in
457 611 596 678 Orontea
620 613 654 678 S.
670 613 762 678 Pelii
784 621 813 679 ct
835 615 871 679 in
894 615 1080 680 Annalibus
1103 616 1246 681 masilias
1269 624 1297 682 et

168 701 346 766 enoiosibas
380 701 475 780 infra
505 701 598 766 editis
631 703 802 784 ensmnptos
836 724 914 784 esso,
950 711 979 769 ot
1011 705 1108 768 statni
1142 726 1193 769 eos
1227 727 1296 770 mim

169 789 356 854 Annalibus
372 789 581 872 Tisnrinpicis
596 813 627 855 a.
644 787 934 874 1110(?)—1149.
950 792 987 857 in
1005 792 1141 858 Olonico
1159 794 1192 858 S.
1206 793 1296 858 Paci

169 885 195 942 cl
217 878 409 943 Annalibus
429 878 677 959 Popaoicnsilms
699 878 873 962 easemptis,
898 902 1031 961 quornm
1048 903 1130 962 pars
1152 889 1198 946 est
1217 883 1295 948 Con-

146 966 308 1032 stinnatio
331 966 525 1032 Ellolcomli
548 989 578 1032 a.
603 973 836 1033 1125-1137,
866 968 960 1048 infra
981 991 1017 1050 p.
1041 976 1082 1033 34
1103 991 1169 1052 sqq.
1200 971 1293 1052 solita,

169 1055 258 1120 nulla
283 1055 514 1121 necessitudine
537 1055 719 1121 coniunctos
741 1077 815 1121 csse.
860 1057 940 1123 (00
962 1059 1158 1123 emendatius
1180 1059 1246 1124 iam
1262 1059 1296 1123 lii

168 1143 318 1208 Assnales
342 1143 456 1208 itemsm
478 1146 623 1226 edantur,
648 1145 684 1209 in
706 1145 819 1226 qnibns
841 1152 876 1209 nt
898 1145 1042 1211 diversas
1070 1167 1186 1212 manns
1215 1155 1295 1214 recto

169 1231 391 1312 cliscsrnsrom,
414 1253 565 1314 mapnam
589 1253 715 1315 operam
739 1233 820 1315 decli,
843 1255 953 1300 moneo
975 1234 1012 1299 in
1030 1234 1133 1301 coelice
1149 1257 1167 1324 e
1183 1237 1295 1318 abique

164 1341 225 1401 pro
249 1343 302 1392 ae,
327 1323 412 1402 qnod
428 1321 614 1402 pleramque
636 1321 751 1402 scripsi
760 1323 780 1403 ¹,
799 1322 939 1403 positam
961 1344 1035 1388 esse.

136 1433 161 1469 ιο
279 1410 440 1491 Exempto
460 1410 572 1474 lorcnn
586 1410 768 1475 Annalinm
783 1410 958 1476 constantin
974 1411 1076 1478 codiee
1092 1412 1292 1494 Laibaoonsi,

168 1520 305 1580 quornm
328 1499 545 1580 opopcopltam
574 1519 612 1563 ea
639 1499 761 1564 scissilis
785 1499 834 1562 Io.
858 1500 918 1564 Fr.
944 1500 1110 1566 Solonnat
1139 1508 1294 1582 snmptnm

169 1589 213 1652 acl
239 1586 282 1652 G.
304 1587 351 1651 Η.
374 1586 469 1651 Psrte
491 1609 522 1650 a.
547 1592 641 1650 1844.
669 1608 707 1652 ea
736 1587 866 1652 archivo
895 1588 1135 1654 Darmstatonsi
1163 1589 1294 1654 missnm

169 1682 221 1756 ost,
248 1682 277 1740 a
300 1675 386 1740 edito
408 1681 482 1739 seint
504 1697 526 1738 a
550 1675 584 1740 S.
605 1675 648 1738 A.
670 1676 881 1757 Wocomn'n,
906 1677 1001 1741 Novo
1023 1677 1167 1743 subsidio
1197 1678 1293 1760 diplo-

168 1763 289 1828 matica
314 1763 366 1844 II,
385 1786 420 1846 p.
437 1770 513 1828 238.
537 1764 697 1846 Exempto
720 1764 905 1829 brevissima
920 1767 1087 1831 eorundem
1102 1766 1292 1847 Annalium,

136 1874 205 1917 iseo
229 1859 355 1916 tantam
378 1851 572 1918 continentia
594 1873 674 1934 qnos
697 1854 741 1917 acl
761 1853 988 1919 monasterinm
1003 1855 1129 1920 Montis
1153 1855 1186 1919 S.
1204 1855 1294 1920 Petri

169 1947 320 2024 spectant,
349 1941 495 2022 lepnnlnr
516 1940 554 2005 in
581 1939 684 2006 codiee
711 1941 801 2006 Galli
825 1943 955 2007 Stassen
977 1943 1126 2008 monaehi
1149 1944 1183 2008 S.
1203 1944 1293 2010 Petri

169 2051 252 2095 saco.
279 2029 427 2109 XVIII,
457 2029 512 2110 qni
534 2050 685 2112 mapnam
714 2030 921 2095 collectionem
951 2031 1169 2096 chronicorum
1198 2032 1293 2098 lenins

170 2117 358 2184 monostemi
381 2117 524 2199 continet,
548 2125 587 2198 p?
608 2123 683 2182 633.
706 2118 801 2183 initio
824 2118 977 2184 Chronici
999 2119 1139 2184 Ioannis
1162 2121 1294 2186 Knolcci·

170 2205 319 2272 monachi
344 2207 377 2271 S.
395 2206 493 2287 Petri,
518 2205 682 2288 quinimo
705 2229 735 2270 o.
760 2207 803 2272 D.
832 2213 927 2272 1030.
950 2207 1039 2290 cinit,
1063 2209 1176 2290 picibus
1199 2230 1292 2290 pcae-

135 2295 322 2376 nscriptnm
345 2301 408 2360 est:
431 2296 482 2360 le
506 2295 725 2360 Bibliotheca
748 2300 876 2360 nostra.

277 2382 475 2466 Appmdieis
504 2383 569 2448 loeo
591 2383 744 2448 sabinnni
772 2383 824 2448 isis
846 2384 1031 2450 Annalibus
1059 2384 1157 2450 socies
1184 2407 1293 2468 repam

171 2479 199 2536 et
221 2470 528 2554 archiepiscopalem
550 2471 817 2554 Mopnntinomcm
839 2494 869 2538 o.
893 2479 987 2537 1152.
1012 2474 1060 2538 ool
1085 2477 1201 2538 1153.²
1223 2474 1249 2553 f.
1273 2481 1289 2538 1

173 2560 288 2626 codicis
322 2561 739 2640 Pommccsfsldensis
776 2581 875 2642 supro
909 2561 985 2628 dicti
1023 2563 1173 2644 smn'ptas,
1213 2584 1293 2644 qnos

171 2670 267 2730 asans
294 2650 340 2714 acl
372 2671 402 2714 o.
434 2655 528 2714 1060.
559 2671 598 2714 ea·
625 2649 812 2714 Annalibns
841 2649 1006 2732 Lampsili
1034 2657 1194 2733 exemptos
1227 2673 1292 2716 esso

134 2737 250 2802 nmini
277 2759 469 2820 persuasum
503 2738 610 2803 liabeo.
663 2739 709 2802 In
742 2738 927 2804 Annalibus
962 2740 995 2803 S.
1027 2738 1117 2804 Petri
1150 2739 1293 2822 antipolis

172 2826 352 2892 nominibus
382 2825 686 2909 archiepiscoporum
715 2826 983 2909 Mopnntinoram
1011 2827 1137 2893 numeri
1168 2827 1293 2894 acclinis

173 2914 206 2979 in
228 2913 376 2996 nmrpine
398 2915 502 2980 atain
523 2921 606 2996 sont,
631 2935 708 2996 qnos
730 2936 768 2980 cn
791 2915 851 2980 icas
873 2915 954 2980 sem'e
976 2916 1291 2999 acchiepiscopoonm,

173 3003 205 3068 in
227 3025 294 3086 aaa
310 3003 487 3068 Heinm'cns
503 3003 533 3067 Ι.
557 3010 742 3068 namnetas
764 3003 807 3068 sit
832 3004 905 3068 XX
913 3005 1016 3084 VIII,
1041 3011 1231 3087 computatos
1254 3012 1291 3085 et,

172 3091 275 3172 nescio
298 3113 343 3156 on
367 3093 476 3157 coclem
505 3113 605 3156 monn
632 3112 714 3173 qnos
742 3113 812 3157 eom
840 3092 1012 3175 smnpserit,
1043 3094 1199 3176 suppletas
1227 3115 1293 3158 esse

136 3201 287 3246 necesso.
341 3179 446 3245 Panlo
469 3187 545 3262 post
573 3181 632 3245 las
661 3179 758 3245 series
786 3179 824 3244 in
853 3180 947 3246 tertia
977 3181 1122 3247 colomna
1156 3180 1293 3248 eicssclcm

166 3269 307 3352 popinas
341 3268 476 3352 episcopi
505 3268 693 3351 Mopnntini
726 3268 782 3350 qni
815 3275 889 3334 ants
923 3269 1130 3349 Bonifatium
1163 3271 1295 3350 finscnnt

171 3357 281 3440 snnpti
303 3358 406 3439 snnt³,
436 3356 544 3439 quiet
571 3355 608 3422 in
630 3357 787 3422 Amatoria
809 3357 1001 3423 Elleltocdi
1030 3357 1146 3424 collisis
1169 3358 1294 3424 Montis

174 3447 205 3510 S.
228 3445 329 3525 Petri,
356 3445 449 3525 infra
466 3467 501 3527 p.
524 3451 576 3527 27,
607 3445 754 3511 recensiti
785 3452 869 3512 sant.
926 3445 1032 3512 Series
1061 3467 1169 3529 repnm
1198 3447 1294 3512 lnins

171 3533 295 3615 coelicis,
320 3536 403 3615 qnocl
415 3533 524 3614 seiam,
549 3536 689 3600 nondnm
704 3534 790 3600 edita
805 3541 858 3616 est,
875 3535 973 3600 semes
987 3534 1293 3618 archiepiscoporum

136 3776 162 3816 so
175 3763 199 3827 1)
219 3761 332 3813 nosnos
348 3767 436 3814 annm
455 3776 470 3828 s
489 3763 518 3813 in
536 3760 675 3814 nonnullis
699 3761 812 3825 sonions,
838 3763 868 3812 in
891 3761 989 3828 quibus
1012 3779 1050 3813 on
1074 3763 1162 3814 „ossa
1188 3777 1219 3814 ae
1244 3761 1294 3813 hac

172 3833 262 3884 littora
275 3833 444 3900 expresserit,
458 3831 586 3886 dubitavi.
640 3831 668 3900 2)
678 3831 752 3882 Nom
764 3833 858 3884 ssrism
870 3849 963 3899 repnm
974 3835 1066 3898 primo
1079 3849 1176 3884 monus
1184 3835 1294 3899 scripsit

172 3919 255 3970 usqne
272 3903 310 3954 aa
328 3901 499 3954 Fm'cisn'cum
515 3903 539 3968 I,
559 3903 653 3955 sssn'sm
671 3902 931 3970 archiepiscoposnm
947 3919 1030 3970 usqne
1047 3905 1084 3956 ad
1099 3904 1257 3956 Heinrimcm
1270 3904 1292 3957 I.

171 3976 291 4029 01153.
311 3973 374 4027 Iun.
394 3977 418 4028 7.
444 3974 601 4041 dopositum,
626 3974 671 4024 oni
688 3973 777 4025 sociem
795 3989 893 4026 manns
909 3975 1062 4027 Annalium
1081 3978 1119 4040 (o.
1134 3977 1211 4029 1153.
1231 3975 1293 4028 Inn.

174 4073 205 4084 -
227 4047 310 4108 1100)
331 4049 425 4111 posteo
449 4045 554 4096 (10000
581 4043 694 4098 addidit.
793 4043 821 4112 3)
847 4045 879 4099 L.
902 4045 1067 4112 Bstlsmann,
1094 4045 1216 4097 ‘Arctois'
1241 4045 1294 4112 IX,

134 4131 197 4183 cop.
210 4118 273 4172 531.
291 4115 364 4167 dano
382 4115 472 4167 cadem
490 4131 574 4167 mann
591 4115 654 4166 lass
671 4114 783 4167 nomino
800 4117 901 4182 snipto
919 4132 980 4181 ssss,
1005 4133 1072 4183 qnos
1089 4116 1240 4168 Annalium
1264 4118 1294 4166 in

171 4189 238 4240 seris
255 4185 516 4254 amicispsscopomm
533 4185 677 4240 addiderit.
710 4185 785 4250 Quod
802 4202 861 4237 cnm
878 4187 967 4239 codem
985 4203 1068 4239 monn
1082 4193 1173 4255 postca
1192 4187 1294 4250 foetum

171 4273 223 4310 ms
240 4272 368 4320 censeam,
386 4272 441 4323 qno
458 4259 540 4308 sss-iss
557 4257 816 4324 archiepiscoporum
833 4259 935 4325 scripto
950 4264 995 4322 ost,
1015 4259 1103 4310 codem
1119 4273 1202 4310 monn
1214 4258 1294 4310 etism

170 4329 234 4381 han
250 4330 364 4381 nomino
382 4328 510 4379 antonna
528 4343 581 4380 ssss
598 4330 701 4396 opinor.
740 4327 870 4394 Eqni'clcm
888 4329 959 4380 milti
975 4345 1027 4380 non
1045 4329 1173 4381 adnotavi
1188 4333 1220 4382 ab
1239 4328 1295 4379 olio

168 4403 228 4452 siro
245 4401 312 4452 nan
327 4400 431 4466 nmpsa
449 4413 510 4452 sess.
