3188 4990
404 415 571 472 GRONIOA
583 416 611 473 S.
621 415 739 471 PETRI
750 415 1013 474 nascanuuffls
1025 416 1116 473 MOD.
1134 419 1169 474 A.
1181 422 1258 476 1274.
1348 421 1400 476 269

283 601 410 684 absque
426 599 580 676 licencia,
606 601 641 665 et
657 601 748 684 quod
765 601 974 665 contrarium
996 600 1165 666 facientes
1188 603 1396 666 sentenciam
1411 614 1488 670 1274.

283 688 646 755 excommunicacionis
668 690 856 754 incurrant.
896 687 1057 754 Ceterum
1079 689 1152 772 ipse
1175 711 1266 774 papa
1288 692 1399 756 decre·

282 779 333 842 vit
355 778 392 842 in
415 778 560 843 coneilio
585 779 627 843 de
650 778 828 843 ordinibus
855 777 1128 844 mendicancium
1159 782 1195 844 et
1216 799 1287 844 non
1310 800 1398 844 men-

283 867 476 932 dicancium
511 866 679 944 ordinare,
709 870 812 951 prout
847 867 1037 930 animarum
1072 866 1177 931 saluti
1212 872 1247 933 et
1281 887 1398 932 eorum

250 957 409 1020 sstotui⁸
435 955 561 1021 viderit
584 956 743 1039 expedire
753 955 775 1017 ¹.
894 949 1005 1020 Itemb
1033 954 1218 1038 Gregorius
1242 977 1331 1041 papa
1354 957 1397 1020 X.

282 1044 405 1109 statuit
440 1046 482 1109 de
517 1044 686 1110 electione
715 1064 803 1128 pape
832 1045 870 1108 in
904 1044 1084 1109 decretali:
1127 1043 1193 1110 Ubi
1220 1044 1399 1125 pericnlum

281 1133 416 1214 maium,
447 1133 539 1216 quod
569 1133 734 1198 deffinoto
764 1153 854 1217 papa
884 1133 1074 1198 cardinales
1104 1137 1335 1199 convocentur
1360 1135 1397 1197 in

251 1291 258 1308 ι
281 1222 316 1285 Χ
337 1223 458 1288 diebus
482 1225 517 1287 et
540 1221 755 1300 claudantur,
780 1222 927 1305 quilibet
942 1243 1020 1286 cum
1042 1243 1112 1287 uno
1133 1223 1312 1300 serviente,
1335 1222 1397 1288 cle-

281 1312 351 1376 rico
373 1311 428 1376 vel
451 1309 549 1389 laico,
574 1315 610 1375 et
633 1331 703 1374 non
725 1310 966 1394 egrediantur⁰
987 1331 1050 1376 nec
1073 1310 1217 1375 mittant
1238 1312 1398 1376 nunctios

247 1404 342 1464 aaut
372 1399 507 1464 litteras
536 1420 599 1464 nec
630 1399 734 1464 alicui
764 1403 861 1464 extra
883 1400 1079 1483 loquantur,
1104 1401 1164 1465 sed
1188 1400 1319 1484 eligant
1343 1422 1397 1484 pa·

282 1511 370 1572 pam.
406 1488 442 1553 Si
459 1491 574 1554 autem
597 1489 689 1552 infra
711 1491 782 1553 tres
802 1488 874 1553 dies
897 1510 967 1552 non
990 1489 1133 1572 eligunt,
1157 1490 1195 1553 in
1211 1488 1287 1553 aliis
1303 1490 1398 1572 quin·

281 1597 347 1661 que
370 1577 490 1642 diebus
514 1576 800 1660 subsequentibus
827 1598 935 1641 unum
966 1577 1076 1641 solum
1102 1577 1272 1643 ferculum
1297 1579 1398 1644 detur

282 1667 346 1742 eis;
370 1670 406 1731 et
429 1667 458 1730 si
480 1687 551 1730 non
574 1666 709 1750 eligunt
731 1660 889 1750 papaml,
914 1666 1022 1730 nichil
1053 1666 1130 1750 plus
1153 1671 1274 1751 postea
1297 1668 1398 1732 detur

281 1755 330 1820 eis
359 1755 426 1818 nisi
456 1754 669 1820 solummodo
699 1755 798 1838 panis
828 1758 883 1819 et⁰
911 1755 1030 1838 aquai,
1055 1756 1163 1820 donec
1194 1756 1398 1840 provideant

246 1866 272 1907 rs
281 1843 423 1908 ecclesie
447 1844 489 1908 de
512 1863 612 1928 papa.
652 1841 853 1908 Cardinales
876 1845 935 1926 qui
958 1843 1073 1907 claudi
1097 1847 1323 1909 contemnunt
1346 1865 1397 1908 ca·

280 1934 380 1998 reant
396 1933 564 1997 electione
580 1932 655 2016 ipsa
670 1933 754 2008 vice,
779 1936 815 1996 et
836 1932 1041 2015 irrequisitis
1058 1933 1106 1996 eis
1130 1933 1278 2015 eligatur
1294 1953 1394 2016 papa.

281 2020 482 2086 Oardinales
505 2022 564 2104 qni
588 2024 708 2086 contra
729 2021 877 2086 fecerint
899 2020 955 2086 vel
978 2021 1139 2084 nunctios
1162 2021 1318 2085 miserint
1340 2022 1396 2086 vel

281 2109 425 2186 litteras,
449 2111 524 2194 ipso
546 2110 642 2174 facto
665 2109 1029 2174 excommunicacionis
1053 2110 1263 2174 sentenciam
1286 2111 1396 2174 incur·

280 2202 372 2262 runt.
404 2199 567 2263 Rectoros
582 2202 700 2263 autem
715 2191 900 2276 civitatisf,
924 2198 1047 2281 quibus
1064 2198 1146 2262 data
1169 2201 1222 2263 est
1243 2202 1397 2282 potestas

244 2288 348 2352 soista
382 2287 565 2352 claudendi
599 2287 799 2364 cardinales,
831 2287 860 2350 si
895 2289 1015 2351 contra
1049 2286 1203 2370 predicta
1237 2288 1394 2366 fecerint,

279 2377 353 2460 ipso
383 2377 457 2442 iure
487 2375 874 2441 excommunicacionis⁸
906 2376 1115 2442 sentenciam
1149 2377 1330 2440 incurrunt
1360 2380 1396 2442 et

278 2465 425 2530 infames
455 2468 546 2542 sunt,
571 2467 607 2530 et
635 2464 698 2529 illa
728 2464 848 2530 civitas
872 2467 924 2529 est
946 2459 1086 2528 statim(l
1112 2465 1297 2530 interdicto
1321 2485 1396 2549 sup-

280 2555 392 2638 posita
410 2558 445 2619 et
463 2553 655 2638 pontificali
673 2553 843 2637 dignitate
864 2573 997 2638 semper
1018 2554 1161 2637 privata.
1263 2555 1396 2619 Statuit

280 2643 388 2708 eciam
404 2642 523 2726 papal,
549 2642 640 2726 quod
664 2641 820 2707 canonici
842 2642 897 2707 vol
921 2641 1063 2707 ecclesie
1086 2642 1240 2709 volentes
1265 2663 1395 2708 cessare

244 2753 301 2797 ssa
333 2732 457 2796 divinis
491 2730 631 2815 publico
665 2731 894 2796 instrumento
929 2731 1081 2814 sigillato
1116 2751 1252 2796 causam
1287 2733 1395 2817 ipsius

280 2821 482 2886 cessacionis
506 2820 699 2903 exprimant
722 2822 758 2884 et
773 2820 806 2884 ei
821 2819 1016 2897 exhibeant,
1041 2824 1181 2904 propter
1204 2841 1305 2903 quem
1329 2841 1396 2886 ces-

280 2929 354 2974 sare
383 2909 586 2984 intendunt;
617 2909 709 2992 quod
741 2908 771 2972 si
799 2929 869 2973 non
891 2908 1047 2986 fecerint,
1070 2909 1126 2973 vel
1149 2909 1178 2972 si
1201 2929 1305 2974 causa
1326 2930 1395 2973 non

279 2997 387 3062 fuerit
408 2999 550 3062 inventa
573 2997 747 3071 canoniea,
771 2997 929 3062 omnibus
952 2997 1175 3082 proventibus
1199 3001 1234 3062 et
1256 2998 1394 3062 redditi·
1485 3063 1491 3076 ,

279 3086 352 3162 bus,
370 3106 435 3170 que
451 3085 521 3150 illis
538 3085 716 3164 debentur,
741 3085 802 3150 illo
817 3089 972 3170 tempore
992 3086 1194 3150 cessasionis
1211 3086 1392 3161 carebunt3

244 3179 315 3242 roet
344 3175 374 3240 si
403 3175 605 3259 receperint,
635 3176 837 3252 restituent;
868 3174 898 3238 si
927 3177 1044 3239 autem
1068 3194 1171 3240 causa
1194 3174 1394 3240 clericorum

279 3264 333 3329 vel
357 3257 599 3330 ecclesiarumh
620 3263 713 3327 iusta
734 3263 888 3328 iudicata
910 3262 1027 3341 fuerit,
1051 3262 1122 3340 ille,
1147 3284 1208 3346 pro
1231 3283 1299 3346 quo
1322 3263 1394 3326 olfi-

279 3353 370 3417 oium
393 3353 548 3417 divinum
571 3353 785 3416 subtractum
802 3357 863 3430 est,
888 3352 932 3416 ad
948 3371 1048 3417 omne
1070 3352 1236 3417 interesse
1255 3354 1396 3416 tenetur

280 3445 315 3507 et
344 3463 365 3505 a
392 3441 507 3506 iudice
533 3441 790 3507 condamnetur.
898 3433 1097 3505 Senteneie¹
1128 3441 1394 3505 exeommunica-

279 3531 386 3596 eionis
418 3529 569 3596 decrevit
592 3529 768 3594 subiacere
790 3529 883 3594 idem
906 3528 1019 3613 papa5
1041 3548 1129 3606 eum,
1153 3529 1213 3612 qui
1242 3549 1304 3613 per
1325 3529 1395 3592 vim

242 3619 334 3687 ravel
356 3639 418 3702 per
439 3622 570 3684 metum
593 3617 848 3683 absolucionem
878 3617 1242 3683 excommunicacionis
1264 3617 1320 3683 vel
1347 3638 1394 3683 re·

277 3707 496 3773 vocacionem
518 3707 573 3773 vel
596 3707 827 3792 suspensionis
849 3706 905 3772 vel
927 3705 1105 3771 interdicti
1127 3707 1319 3772 sentencias
1342 3727 1394 3772 ex-

277 3899 300 3942 a)
313 3903 372 3938 statu
387 3900 406 3941 1.
418 3898 445 3938 Ε,
511 3895 859 3947 b)1rem-ertorrn(p.rto,
880 3895 1025 3946 l.1)om.l'.
1092 3895 1204 3948 c)sicR,·
1222 3894 1361 3948 egrldtsntnr
1375 3899 1394 3940 1.

278 3949 301 4002 d)
311 3951 389 3993 om.B.
437 3951 534 3998 e)rs'cB.
545 3950 665 4000 ἡρωικὴ·
679 3955 754 3992 stom.
764 3952 782 3992 1.
827 3949 1008 3999 orlrltatumB.
1051 3951 1233 3999 manutersit.
1272 3951 1366 4002 h)eoota
1376 3953 1394 3993 1.

277 4003 294 4055 l)
307 4003 433 4054 Βωποηοίι,
450 4013 557 4054 rupem.
570 4014 583 4044 e
597 4015 656 4045 com
670 4004 789 4044 sentencie
804 4006 822 4047 1.

240 4183 305 4249 rol)
330 4182 403 4236 Haec
421 4179 561 4252 (Ceterum
579 4209 613 4222 -
632 4180 771 4251 expedire)
798 4196 852 4234 non
876 4196 906 4234 cc
926 4182 1109 4236 munimina
1129 4183 1269 4250 praedm
1286 4188 1394 4250 sumpta

276 4259 347 4308 oms.
406 4255 434 4319 2)
455 4253 616 4308 sonma=
630 4254 707 4307 Sati
718 4253 819 4307 Daret.
836 4252 889 4319 LI,
907 4254 946 4306 td.
960 4253 986 4319 t,
1002 4269 1023 4308 c.
1036 4256 1061 4309 3.
1127 4255 1156 4320 3)
1168 4253 1254 4322 panis,
1272 4252 1393 4307 vinnm

277 4327 306 4378 et
323 4340 394 4392 aqua
410 4324 486 4378 babet
503 4326 653 4380 amirario
667 4323 813 4393 macrinus.
879 4325 907 4390 4)
926 4323 1015 4379 Corn.
1033 4327 1066 4380 17
1080 4349 1111 4368 =
1127 4325 1204 4378 Secti
1220 4325 1320 4378 Dara.
1339 4324 1355 4379 l.
1369 4323 1393 4388 I,

277 4398 317 4451 nt.
338 4398 380 4461 16,
404 4411 425 4447 c.
443 4397 469 4450 2.
541 4397 569 4464 5)
586 4395 673 4450 Cous.
691 4397 728 4452 20
746 4419 778 4438 =
798 4395 874 4448 Serti
891 4394 992 4450 Dm.
1018 4395 1036 4450 l.
1055 4396 1079 4462 I,
1105 4397 1145 4450 tit.
1163 4397 1207 4452 20.
