3130 4990
260 450 427 506 cssomcs
446 449 475 505 S.
488 448 602 504 PETRI
620 448 884 505 ERFORDENSIS
902 448 1100 504 MODERNA.
1192 454 1244 507 123

137 634 260 714 descen
281 633 421 714 fortasse
442 631 707 698 continuationem
722 630 887 714 Lamperti
909 631 946 698 in
967 632 1079 697 Monte
1102 631 1136 697 S.
1153 631 1244 697 Petri

137 721 252 804 iaspis
266 724 458 804 productam
467 723 488 784 ¹.
535 722 600 786 Sed
620 741 777 802 quousque
806 727 916 786 auctor
937 742 976 785 en
1005 720 1082 785 aiiis
1103 720 1244 800 fontibus

137 809 276 892 iareoerit,
300 835 321 876 a
344 831 405 894 quo
428 811 492 876 ioco
513 809 581 892 ipse
604 830 655 874 res
668 816 773 891 pestus
795 808 967 892 scripserit,
992 809 1171 874 discernere
1192 832 1244 875 ne·

137 919 215 979 queo.
258 901 345 965 Sane
367 898 464 964 etiarn
486 901 542 964 sab
566 921 595 964 a.
616 904 711 962 1185.
731 904 825 963 1186,
850 899 986 964 annaies
1014 899 1166 980 quosdam
1195 921 1243 964 ec·

110 988 289 1070 ascripsisse
310 987 444 1068 indetur,
468 1009 538 1052 acon
565 986 754 1052 Theoderici
775 985 974 1053 marchionis
995 989 1033 1052 de
1055 987 1244 1069 Laadsbcrp

138 1077 243 1140 conum
264 1085 293 1142 et
314 1079 361 1143 ad
377 1101 407 1142 a.
429 1083 522 1141 1185.
547 1083 628 1142 recte
646 1084 676 1141 et
693 1077 737 1141 ad
756 1099 786 1141 a.
808 1082 901 1140 1186.
926 1075 1011 1157 saiso
1034 1076 1242 1141 adiniacerit.

138 1165 322 1230 Manendum
352 1166 448 1231 etiarn
478 1172 523 1230 esi
546 1165 709 1249 Sifridurn
738 1167 776 1230 de
797 1164 985 1230 Bainieusin
1015 1168 1149 1230 c.188.²
1171 1187 1243 1230 ean-

137 1254 199 1317 dem
229 1255 342 1320 habere
375 1254 560 1320 relationem
597 1255 635 1319 de
671 1253 829 1320 nobilibus
858 1253 1037 1333 Erfordiac
1074 1253 1245 1319 euboensis

137 1343 306 1423 usticiam,
330 1365 412 1426 quac
433 1343 471 1408 in
498 1341 592 1410 Gran.
618 1343 651 1408 S.
669 1343 761 1408 Petri
783 1342 906 1425 lenitur,
923 1350 998 1424 post
1017 1344 1101 1407 hunc
1122 1364 1244 1407 annum

107 1452 223 1512 sonsque
244 1434 287 1498 ad
307 1435 406 1514 finem
422 1432 552 1514 primas
566 1431 677 1514 partis
692 1430 801 1514 (1208)
825 1431 908 1496 rciicii
930 1432 999 1511 fere
1020 1431 1057 1496 in
1080 1431 1161 1498 libro
1176 1431 1245 1497 cius

137 1539 199 1584 carn
224 1521 283 1586 nac
312 1522 519 1595 conaenirc³‚·
547 1543 638 1602 acum
665 1520 835 1586 (ironicam
863 1521 897 1586 S.
919 1520 1010 1586 Petri
1040 1542 1104 1586 non
1133 1521 1244 1602 lepissc

136 1611 215 1690 apud
240 1633 287 1675 rne
316 1617 447 1676 constat.
495 1609 533 1675 Si
562 1629 635 1692 erpo
664 1629 703 1674 ece
732 1609 905 1674 annoiibns
927 1609 1181 1690 Erfordensibus
1203 1611 1243 1674 ab

135 1705 250 1764 aucun
277 1698 433 1766 (ironicae
456 1699 488 1764 S.
505 1699 596 1763 Petri
625 1697 792 1780 exscriptis
820 1699 897 1763 isaeo
926 1700 970 1763 od
993 1697 1155 1779 Sisriduns
1172 1720 1243 1779 per-

135 1787 246 1854 venisse
267 1788 370 1854 conici
387 1795 500 1870 posset,
524 1808 621 1869 cosque
643 1789 688 1852 cd
709 1788 793 1853 iuno
815 1809 937 1852 annuns
966 1787 1023 1852 isos
1045 1789 1180 1852 annales
1203 1789 1242 1852 ab

104 1883 251 1942 scrutare
272 1884 380 1942 nostro
403 1877 561 1942 odiositas
583 1897 649 1941 essa
665 1883 797 1958 poteret.
846 1877 910 1941 Sed
933 1876 1080 1956 Sifridus
1109 1877 1244 1942 crinales

133 1963 271 2031 habuisse
287 1973 398 2049 potest,
422 1965 595 2048 inquibus
618 1987 656 2030 erc
683 1965 822 2031 Granico
845 1966 879 2030 S.
897 1964 988 2030 Petri
1009 1967 1164 2047 quaedam
1194 1985 1243 2030 ea-

133 2053 243 2135 scnpia
265 2062 367 2120 crant.

231 2145 346 2208 Altera
351 2165 435 2225 pars
445 2143 600 2209 Oronicae
611 2145 779 2208 modernae
791 2144 914 2208 dmum
926 2143 1016 2224 ionpo
1028 2149 1162 2224 tenpore
1171 2150 1244 2225 post

134 2253 161 2294 a.
172 2237 261 2296 1208.
279 2232 404 2298 adiecta
419 2231 932 2314 est,1ideiicetpauiopostpacem
947 2237 1083 2296 (11276.
1098 2233 1241 2296 170126.

103 2318 211 2385 sistier
230 2322 406 2401 Rudoifum
429 2342 532 2404 repon
554 2327 582 2386 et
602 2321 781 2386 Ottocarum
798 2342 902 2402 repens
916 2319 1090 2386 Boisemiae
1112 2322 1241 2402 factam,

134 2417 294 2492 nusquam
310 2411 421 2475 beilum
438 2409 524 2476 iuter
538 2431 589 2474 eos
607 2433 637 2476 a.
653 2415 748 2474 1278.
770 2431 874 2474 morose
890 2408 989 2475 Iicnio
1007 2412 1240 2474 reuocareturi.

55 2497 277 2564 ‘sssNarrata
289 2520 371 2580 pace
387 2498 473 2563 iuter
487 2519 575 2581 repes
593 2499 682 2576 facta
701 2498 778 2563 isaeo
790 2518 873 2580 pars
896 2497 1021 2564 desinit.
1055 2499 1163 2580 *Quod
1176 2499 1243 2564 ianr

133 2607 167 2650 cu
192 2608 226 2652 co
254 2587 460 2670 connascitur,
490 2588 573 2668 quad
596 2587 635 2651 in
662 2589 727 2652 cod.
750 2593 765 2650 1
791 2587 848 2652 icoc
870 2589 934 2653 ioco
957 2594 1049 2652 notae
1070 2588 1183 2652 uariae
1205 2589 1243 2652 de

132 2676 283 2757 monstris,
312 2697 463 2758 mapsam
486 2683 612 2758 partem
641 2697 680 2740 ecc
702 2675 826 2740 Isidori
854 2675 947 2742 tibris
970 2676 1243 2760 Etpmoiopiarunr

103 2789 125 2828 n
133 2771 158 2828 et
171 2763 324 2831 (ironicae
336 2763 482 2830 Minoris
497 2765 563 2830 cod.
576 2763 802 2830 additamentis
818 2773 908 2830 aucto
921 2764 979 2847 (=
992 2765 1026 2829 B
1033 2769 1068 2849 2)
1082 2767 1243 2848 sunptac⁵

133 2922 155 2988 1)
171 2922 263 2974 Nescio
280 2938 318 2973 an
336 2921 380 2972 isio
397 2923 468 2974 inter
485 2937 511 2976 a.
525 2923 604 2977 1167.
617 2927 640 2973 ct
655 2923 731 2978 nso.
750 2923 819 2974 alios
838 2924 917 2974 ctiam
935 2922 1046 2974 annales
1064 2925 1242 2990 inscripserit,

132 3006 183 3044 cun
207 2996 277 3044 inter
304 2993 352 3044 iios
376 3007 461 3044 annos
486 2992 591 3045 abbates
612 2993 810 3058 Hcrsfeldenscs
835 2999 858 3044 et
881 2993 1027 3045 Fuidcrtscs
1050 2993 1187 3057 defunctos
1212 3010 1243 3044 ac

131 3067 277 3116 minutos
294 3066 533 3116 commcnwracerit
550 3065 597 3129 (cf.
619 3065 663 3118 ‘N.
683 3064 795 3117 Arcisio'
813 3063 910 3126 XXII,
933 3082 961 3132 p.
980 3067 1040 3130 712,
1059 3081 1087 3118 n.
1102 3067 1139 3126 1).
1177 3064 1243 3116 Cum

131 3133 186 3188 isoes
204 3135 319 3188 Orontea
342 3133 509 3198 miherctnr,
533 3136 621 3187 Monti
644 3135 672 3192 S.
691 3135 768 3188 Petri
786 3136 911 3202 praefuit
939 3135 1032 3187 Witclo
1057 3136 1139 3188 abbas
1162 3136 1242 3202 (1201

103 3207 256 3274 11-1221),
285 3207 334 3272 aui
357 3209 527 3273 praepostus
558 3207 734 3272 Geilinpensis
760 3209 918 3260 monosterii
944 3205 1035 3258 abbati
1060 3207 1245 3270 Hersfeldensr'

131 3277 225 3328 subditi
247 3277 349 3341 fund.
420 3277 448 3343 2)
471 3277 520 3330 SS.
533 3277 625 3343 XXV,
650 3295 677 3345 p.
694 3279 747 3332 698
758 3293 797 3344 sp.
886 3280 914 3346 3)
940 3277 1013 3330 Nam
1038 3277 1107 3345 quod
1125 3293 1149 3332 a.
1164 3280 1242 3332 1191.

133 3347 248 3411 Sisridsss
273 3354 296 3400 ct
316 3347 396 3400 Gran.
415 3348 442 3402 S.
459 3348 536 3400 Petri
559 3349 590 3400 de
614 3349 706 3416 eclipsi
726 3349 789 3401 scius
813 3348 901 3401 eadem
927 3348 1172 3414 hanaucensem
1191 3364 1243 3400 essc

132 3422 247 3472 menri
264 3419 350 3474 credo.
378 3419 421 3483 Cf.
435 3418 700 3483 ‘N.Arcieio'XXI,
717 3436 744 3487 p.
758 3422 921 3476 525-529.
976 3421 1004 3486 4)
1022 3423 1143 3486 Apparet
1155 3425 1244 3471 ancto-

131 3505 180 3542 rcus
196 3493 252 3544 cius
271 3490 335 3542 beili
350 3506 407 3542 scre
424 3506 449 3544 a.
465 3492 542 3546 1278.
562 3493 633 3543 inter
644 3490 692 3543 isos
703 3507 777 3556 repes
794 3492 972 3558 redintsproti
982 3493 1106 3542 notitiam
1123 3491 1243 3542 narnium

104 3559 252 3627 osanna,
271 3563 321 3628 qni
336 3561 386 3612 ereb
403 3578 429 3614 a.
444 3563 528 3616 1276:
546 3559 616 3613 sicut
635 3559 779 3614 Odoecksr
796 3578 845 3615 rex
862 3559 985 3628 Bosmis,
1004 3563 1099 3628 inquit,
1118 3577 1242 3614 necnon

28 3675 29 3710 ἦ
131 3630 283 3686 ethrolus
296 3647 346 3684 rex
359 3629 451 3684 Sicilie
469 3631 570 3684 iniuste
588 3631 758 3685 municiones
776 3637 804 3686 et
817 3631 964 3701 dignitates
983 3648 1015 3684 sc
1027 3637 1114 3685 terres
1133 3630 1241 3700 imperii

28 3715 30 3776 1
130 3703 221 3757 multos
239 3705 385 3769 tenent,
403 3703 472 3770 quod
490 3719 515 3757 a.
530 3705 608 3759 1278.
627 3705 697 3769 Aua.
711 3706 754 3759 23.
775 3704 896 3758 ottocaro
915 3707 994 3757 ocosse
1012 3703 1096 3756 dicere
1115 3706 1170 3756 iam
1188 3719 1242 3756 non

28 3777 29 3840 1
126 3779 264 3840 pdussm
281 3780 306 3826 et
323 3775 405 3838 infra
421 3773 470 3826 snb
488 3792 514 3828 a.
528 3777 606 3829 1276.
624 3777 733 3844 scripsit
750 3776 782 3828 de
795 3792 862 3842 pace
879 3779 1035 3840 interrepss
1052 3775 1143 3838 faeta:
1161 3773 1198 3828 st
1212 3781 1242 3827 ut

28 3853 29 3894 ς
129 3843 277 3898 huiusmodi
296 3844 462 3912 composicio
479 3843 768 3900 ...indissolubiliter
789 3851 972 3913 conservetur,
1057 3843 1125 3898 duos
1143 3861 1242 3914 pucros

103 3932 183 3972 uiuos
201 3959 208 3972 .
228 3959 234 3972 .
257 3959 263 3970 .
283 3914 319 3968 sd
338 3914 455 3969 invicem
475 3915 682 3985 desponsasset,
707 3918 778 3984 quod
795 3925 889 3971 auctor
907 3918 969 3972 balii
985 3919 1103 3974 α.1278.
1122 3920 1244 3970 reuocati

28 4045 29 4054 χ
128 4004 224 4053 onam
242 3987 359 4040 scribere
376 4003 430 4039 non
444 3991 581 4054 potuisset.
619 3987 678 4040 Hac
695 3988 749 4040 loco
764 3996 870 4058 partem
888 3989 1025 4057 quandam
1044 3989 1172 4042 Cronieae
1190 4005 1241 4040 rna

28 4055 29 4066 ¹
128 4059 217 4112 innoc
235 4061 356 4112 desinere
373 4061 428 4110 iarn
451 4059 482 4112 B.
496 4057 594 4124 sinici,
614 4059 687 4113 Diss.
704 4077 733 4127 p.
745 4061 788 4114 29.
813 4067 836 4112 et
855 4061 883 4116 C.
898 4061 1002 4124 choic,
1022 4061 1066 4114 ‘N.
1080 4061 1192 4113 Archio’
1205 4061 1241 4123 X,

28 4081 30 4190 i
127 4149 151 4198 p.
162 4134 219 4187 137.
232 4130 305 4184 uu.
314 4129 432 4182 Schmidt
451 4131 467 4183 i.
482 4131 500 4185 i.
515 4148 545 4198 p.
557 4133 607 4185 142
620 4146 658 4197 sq.
673 4139 876 4198 perspexerunt.
904 4131 1240 4195 Laetatnretiamouctor‚

28 4193 29 4242 i
129 4203 187 4269 qnod
206 4203 309 4254 Graeci
332 4203 362 4252 in
387 4201 494 4253 concilio
511 4199 689 4266 Luaduucnsi
710 4204 827 4258 111274.
846 4218 904 4254 cum
929 4203 1033 4256 ccclesia
1051 4203 1175 4255 Romano
1200 4218 1242 4254 re-

28 4303 29 4346 ,
104 4275 256 4330 ancileocs
271 4273 338 4335 sint,
355 4275 470 4324 nescim
488 4288 529 4325 eos
547 4276 602 4324 iam
624 4273 709 4339 poulo
727 4279 789 4340 post
806 4274 841 4326 ab
858 4275 946 4328 codem
964 4277 1105 4338 recessisse,
1126 4277 1242 4339 inspera-

28 4359 29 4380 1
130 4353 199 4398 men
216 4357 312 4398 aarum
328 4348 439 4410 propter
456 4342 504 4396 hoc
521 4361 547 4398 a.
561 4345 639 4399 1281.
658 4360 675 4396 a
694 4343 817 4396 Martius
829 4342 880 4400 IV.
894 4362 971 4412 papa
989 4347 1241 4398 cucornrnunicatnnr

28 4467 29 4480 ,
130 4432 179 4472 sm,
252 4415 282 4484 5)
303 4413 364 4464 Has
381 4420 459 4466 notas
476 4417 506 4465 in
525 4415 577 4468 cad.
597 4414 766 4483 antepropiso
785 4416 912 4469 cronicae
930 4417 1069 4469 modam
1094 4417 1149 4467 iam
1173 4415 1241 4466 enti·
