3130 4990
232 455 284 509 140
374 449 541 506 GRONIGA
559 450 587 507 S.
599 449 715 505 PETRI
732 446 995 505 ERTORDENSIS
1013 445 1211 505 MODERNA.

232 634 269 697 de
302 633 451 712 Gorhnm,
482 634 519 698 de
549 632 639 698 cuius
668 631 815 697 chronico
844 607 1069 714 imperatorum
1102 636 1131 695 et
1158 629 1348 712 pontificum

239 722 288 788 W.
314 722 417 786 Foche
446 721 701 787 commentatione
730 720 876 803 ditiqenti
905 718 968 802 eyit
976 720 996 800 ¹,
1028 719 1083 801 qui
1117 726 1146 783 et
1176 719 1349 784 nonmdias

225 817 337 893 partes
359 811 435 890 eius,
460 809 727 892 nealcaentissime
749 809 883 891 quidem,
907 808 945 873 in
967 809 1065 873 lucem
1080 807 1194 898 dedit².
1230 807 1275 872 In
1291 807 1348 874 hoc

232 898 377 964 chronico
400 899 459 966 toci
483 921 521 963 en
541 897 677 964 Oronica
702 899 734 963 S.
753 897 843 964 Petri
865 897 981 980 sumpti
1004 897 1043 961 ah
1066 918 1096 962 a.
1118 897 1349 977 mistusque

231 989 276 1052 ud
293 1009 323 1051 a.
339 994 431 1052 1388.
450 988 665 1053 inueniuntur.
696 987 794 1052 Dices
809 1006 881 1069 erqo
903 993 940 1050 ut
958 985 1061 1050 Foche
1082 985 1175 1051 Cron.
1195 986 1242 1050 ·S.
1257 984 1380 1070 Petris

231 1083 356 1142 auctam
385 1076 672 1142 ContinuationeI.
697 1098 719 1141 a
738 1075 931 1140 Theoderico
953 1074 1140 1156 cuempiam
1163 1095 1236 1139 esse.
1284 1072 1350 1140 Sed
1357 1061 1390 1110 '¹²'
1400 1061 1447 1103 ³⁴⁹·

231 1165 268 1230 in
283 1165 351 1230 eius
366 1167 513 1231 chronico
536 1165 630 1230 etiam
646 1171 708 1229 tres
730 1164 790 1229 toci
813 1185 851 1229 cn
871 1163 965 1230 Cron.
982 1163 1213 1228 Reinhardshr.
1231 1163 1349 1244 sumpti

230 1254 468 1334 inueniuntur⁴‚
497 1255 581 1318 nude
609 1275 727 1319 nucum
753 1253 891 1318 censebis
914 1274 952 1317 ea
974 1253 1033 1317 hac
1055 1253 1151 1317 etiam
1174 1253 1255 1318 iocos
1277 1273 1347 1316 cum

236 1343 330 1410 Cron.
357 1343 389 1408 S.
414 1341 503 1407 Petri
533 1342 769 1407 conuenientes⁵
795 1341 966 1424 ensnnntos
994 1362 1068 1406 esse.
1119 1340 1347 1406 Theodericum

230 1431 334 1513 ipsam
356 1431 523 1498 Granicum
538 1431 769 1496 Reinhardsbr.
790 1431 937 1496 habuisse
956 1451 1020 1494 non
1035 1429 1132 1509 facite
1147 1429 1345 1511 crediderim,
1358 1451 1383 1489 ιο

123 1531 126 1536 “
230 1521 390 1602 enemptar
404 1520 472 1585 eius
488 1515 524 1584 in
539 1519 750 1585 Hoitandiam
764 1520 901 1584 delatum
916 1540 981 1584 esse
1003 1525 1039 1583 ut
1060 1519 1194 1598 medam,
1219 1518 1347 1583 omniuo

230 1631 295 1674 non
318 1609 434 1674 adduci
450 1629 591 1690 passum.
643 1607 720 1674 Οιιηι
748 1607 960 1673 Theodericus
988 1608 1111 1672 demum
1137 1608 1177 1671 ab
1200 1629 1229 1672 a.
1251 1612 1345 1671 1273.

231 1699 314 1764 hanc
332 1697 499 1764 Oronicam
514 1697 724 1779 exscripserit,
740 1696 860 1763 conicio
876 1696 912 1762 in
927 1696 996 1762 eins
1006 1696 1179 1778 exemplari
1194 1695 1346 1761 (ironicae

231 1786 375 1850 Minoris
395 1786 505 1852 tertiae
527 1785 676 1851 editionis
699 1785 811 1866 (uscire
840 1787 884 1850 ad
905 1807 936 1850 a.
957 1787 1057 1868 1272)
1081 1784 1346 1850 continuationem

231 1875 375 1940 additam
392 1874 492 1954 fuisse
515 1896 553 1940 en
574 1874 667 1940 Oron.
686 1875 917 1940 Reinhardshr.
934 1880 1130 1956 encerptom,·
1152 1875 1235 1956 quod
1249 1893 1382 1938 caeru-1⁶

224 1964 304 2046 piar
334 1964 382 2028 uei
409 1964 477 2045 inse
510 1963 721 2028 Theodericus
754 1964 802 2029 uei
835 1963 920 2029 alins
953 1962 1096 2044 qnidam,
1126 1964 1182 2044 aui
1210 1962 1346 2041 sortisse

231 2053 345 2118 titteris
379 2053 555 2132 Erfordiae
589 2051 755 2134 studuerit,
791 2073 807 2118 e
841 2051 1025 2136 Thurinyia
1062 2051 1098 2116 in
1133 2051 1345 2116 Hailandiam

231 2141 446 2224 apportaoissc
470 2147 580 2223 potest.
628 2143 713 2206 Sane
742 2140 862 2206 nultius
890 2141 958 2220 fere
986 2139 1134 2206 momenti
1156 2146 1230 2204 sunt
1245 2140 1345 2221 paum'

231 2231 281 2295 uu
296 2230 356 2295 iaci
372 2229 559 2295 Theoderici
575 2251 613 2294 en
629 2229 767 2296 Cronica
784 2231 817 2295 S.
831 2229 921 2296 Petri
930 2229 1068 2312 profecti
1084 2231 1129 2294 ad
1142 2235 1257 2294 tentum
1278 2229 1346 2294 eius

231 2321 469 2384 ernendandum.
1354 2337 1381 2376 ro

337 2408 412 2473 Iam
431 2409 475 2474 ad
491 2429 542 2473 eos
560 2407 794 2490 ayyrediamnn
818 2407 873 2490 qni
893 2407 1063 2474 Cronicam
1084 2407 1117 2473 S.
1132 2405 1221 2471 Petri
1241 2405 1344 2472 donn-

232 2655 258 2720 1)
276 2653 358 2707 ‘Hah
377 2653 460 2707 Beitr.
479 2669 503 2707 z.
523 2653 694 2718 Geeahichtsf.
714 2653 837 2718 herouey.
855 2669 878 2708 a.
901 2653 948 2707 Th.
962 2653 1084 2705 Lindum·
1101 2652 1126 2718 Ι,
1151 2653 1246 2708 Thead.
1263 2653 1347 2704 Pauli

230 2741 258 2779 u.
275 2727 332 2776 sein
350 2724 488 2792 Speculum
507 2724 665 2778 historn'alc'.
691 2725 773 2777 Haila
790 2741 815 2778 a.
828 2724 857 2779 S.
877 2727 954 2781 1892.
1012 2725 1040 2790 2)
1058 2725 1124 2776 Cum
1141 2725 1250 2778 oodr'cnu
1266 2724 1345 2776 Wra-

230 2796 404 2848 tistaoieusnu
429 2813 488 2849 cum
513 2796 556 2847 hie
577 2795 704 2864 partitus
728 2797 884 2861 conferrem,
908 2795 1038 2864 obstupui,
1062 2811 1115 2848 nou
1137 2811 1229 2862 capere
1246 2796 1344 2861 vanae,

230 2867 357 2934 qumuodo
370 2867 432 2932 fieri
445 2869 570 2936 potuer-it,
590 2874 621 2920 ut
638 2884 671 2920 ex
683 2867 767 2919 codice
784 2866 844 2918 herro
861 2869 960 2934 scripto
978 2873 1033 2918 tam
1051 2873 1179 2934 corrupta
1197 2867 1381 2922 menonem

230 2941 257 3005 3)
279 2939 392 2990 Minime
416 2941 471 2990 tam
496 2955 513 2990 a
537 2944 652 3006 tempore
669 2938 807 3006 Clemuitis
823 2937 873 2992 W.
890 2953 985 3006 papae,
1003 2943 1033 2989 ut
1050 2938 1135 2990 Footce
1155 2954 1185 3004 p.
1202 2940 1245 2993 45.
1263 2937 1343 3003 diuh,

230 3025 293 3062 nam
309 3011 376 3074 toci,
404 3025 470 3076 quoe
490 3027 518 3078 p.
536 3011 664 3065 45-51.
690 3025 724 3060 eu
742 3009 821 3062 Cron.
844 3009 870 3063 S.
889 3009 966 3060 Petri
987 3016 1104 3077 sumptos
1128 3025 1181 3062 esse
1204 3010 1343 3076 contendit,

227 3083 317 3148 potius
334 3098 367 3134 en
386 3081 464 3135 orm.
484 3082 588 3133 Minore
605 3087 628 3134 et
645 3082 702 3132 eius
720 3080 794 3134 (tout.
807 3079 830 3132 I.
849 3081 889 3132 oet
904 3096 938 3130 en
957 3079 1078 3132 saurais
1092 3079 1261 3135 Halterctad.
1279 3081 1346 3132 Cro-

230 3152 391 3218 noyraphia,
411 3153 457 3204 uhi
473 3152 535 3203 illae
552 3155 619 3203 sicut
637 3154 666 3203 in
679 3152 758 3206 Gran.
777 3151 805 3206 S.
818 3151 894 3203 Petri
910 3154 1058 3217 incomptae
1074 3157 1146 3218 sunt,
1165 3151 1258 3202 hausti
1273 3157 1344 3206 sinit.

234 3223 419 3275 Theodericum
439 3223 516 3276 Oron.
535 3223 666 3275 Minorem
690 3221 1028 3281 consarcinatum
1049 3229 1123 3290 patei
1148 3223 1200 3276 ioco
1222 3238 1241 3274 a
1259 3223 1381 3279 theso

227 3312 256 3363 p.
273 3295 316 3350 48.
342 3296 411 3347 edito
435 3302 481 3358 (=
501 3294 549 3348 SS.
569 3292 678 3360 XXIV,
704 3311 732 3360 p.
751 3296 830 3356 205),
855 3309 929 3360 quum
957 3309 1002 3345 nec
1027 3294 1167 3346 Oonrodus
1192 3309 1238 3346 nac
1262 3294 1343 3348 Crou.

231 3365 258 3418 S.
278 3366 354 3417 Petri
377 3365 481 3430 hahent,
504 3382 580 3433 quem
597 3367 627 3416 in
645 3365 728 3417 codice
745 3381 793 3417 scio
811 3364 938 3417 Crouioae
956 3365 982 3418 S.
995 3365 1072 3416 Petri
1092 3365 1280 3417 Theoduicum
1302 3367 1345 3416 in-

230 3439 328 3489 uenisse
345 3443 400 3488 tam
418 3443 510 3489 temere
527 3453 607 3504 aream
619 3436 690 3500 falso
702 3436 787 3489 Foahe
803 3437 917 3491 coniecit.
972 3435 999 3502 4)
1016 3437 1091 3488 Duos
1102 3436 1188 3488 Factae
1204 3452 1231 3503 p.
1244 3438 1287 3492 63.
1300 3439 1344 3492 81.

231 3508 291 3560 ime
308 3510 425 3574 caynooit
442 3513 466 3560 et
483 3508 628 3572 adnotavit,
650 3508 695 3560 ced
719 3509 816 3559 iterum
841 3513 933 3560 cernere
950 3508 1056 3558 coniecit
1073 3507 1188 3559 aherum
1206 3523 1297 3560 eorum
1314 3509 1345 3559 in

231 3581 352 3644 maraine
376 3579 470 3630 codicis
495 3579 622 3630 Croniaae
646 3578 673 3632 S.
695 3578 771 3630 Petri
795 3580 924 3646 scriptum
949 3579 1040 3642 fuisse.
1080 3579 1185 3630 Tertius
1212 3584 1248 3632 eet
1275 3578 1380 3634 husim

231 3649 316 3702 editus
340 3650 374 3701 ab
398 3665 426 3702 ca
447 3667 476 3717 p.
489 3651 532 3712 80,
557 3665 608 3716 quo
626 3650 658 3701 de
676 3649 818 3702 Caelestino
831 3665 908 3717 popo
925 3649 953 3703 V.
973 3655 1048 3716 capto
1073 3649 1194 3701 traditur
1212 3675 1243 3692 =
1264 3650 1344 3705 Orou.

231 3721 425 3774 Reinhardshr.
444 3736 469 3774 a.
484 3723 561 3786 1294,
581 3720 629 3773 SS.
641 3720 736 3784 XXX,
751 3738 779 3788 p.
793 3721 853 3786 639,
873 3723 903 3772 in
926 3735 980 3787 qua
1005 3723 1052 3772 rste
1077 3721 1146 3772 lonis
1170 3727 1291 3788 sumptim
1309 3727 1345 3773 esi

231 3807 264 3842 en·
290 3791 416 3843 Crouicae
437 3792 554 3844 Minoris
579 3795 772 3844 continuatione
796 3791 862 3857 VII,
889 3791 937 3845 SS.
957 3791 1054 3856 XXX,
1076 3809 1106 3858 p.
1126 3793 1178 3847 720
1202 3791 1345 3856 (dicineus

231 3880 257 3916 a.
278 3865 361 3924 1300;
387 3863 422 3925 cf.
442 3863 520 3916 Orou.
539 3863 633 3917 Ru'nh.
655 3864 747 3930 maes.
774 3864 791 3916 t.
811 3863 828 3917 i.
851 3881 880 3931 p.
899 3865 972 3928 513).
1010 3863 1075 3915 Cum
1098 3865 1183 3926 icitur
1200 3864 1345 3915 uiderimus

236 3932 421 3984 Theodericum
441 3933 579 3985 &onnam
597 3934 730 3986 Minorem
748 3935 841 3986 initae
859 3935 982 3986 editionis
1000 3937 1072 4001 (cum
1091 3934 1164 3988 Cant.
1182 3934 1210 3994 Ι)
1228 3937 1381 4003 easnip-co

231 4007 303 4070 sisse,
326 4009 399 4072 patet
417 4019 474 4055 eum
494 4005 565 4058 Cant.
585 4005 645 4057 VII.
664 4021 717 4058 non
741 4005 871 4068 hahuisse,
896 4011 968 4073 patet
991 4007 1070 4058 etiam
1089 4005 1171 4058 lacum
1190 4005 1264 4058 itlius
1282 4021 1346 4058 uus-

231 4091 312 4142 quam
337 4075 403 4126 atiti
426 4076 482 4126 nisi
504 4077 534 4126 in
556 4075 667 4127 Granico
686 4077 937 4132 Reinhardehrunu.
956 4078 1075 4128 inueniri
1095 4079 1217 4144 pomisne.
1256 4077 1346 4130 Codice

231 4149 310 4198 ctiam
333 4145 547 4198 Wratistacieusi
567 4149 698 4214 asscripta
722 4150 831 4213 coenavi
853 4147 928 4200 haud
949 4151 1046 4214 paucis
1071 4149 1135 4200 tacis
1162 4149 1346 4201 Theodericum

231 4217 326 4269 hahere
352 4217 481 4270 tectionem
500 4217 626 4269 Grouioae
644 4218 836 4272 Reinhardstr.
862 4236 880 4270 a
899 4219 1153 4273 mannassen
1175 4220 1344 4286 differmtun.

232 4291 259 4355 5)
279 4289 344 4340 Cum
363 4303 415 4340 non
434 4287 513 4339 multi
529 4289 580 4339 toci
603 4305 635 4340 etc
659 4289 709 4339 hac
733 4292 833 4358 mmpti
849 4292 879 4340 in
901 4289 1054 4342 Theoderici
1069 4291 1191 4342 chronica
1208 4293 1382 4345 inueniam-eb

232 4366 286 4424 tur,
313 4359 389 4423 facite
414 4361 513 4412 euenire
534 4361 630 4426 patuit,
648 4366 677 4410 nt
701 4365 755 4412 tres
772 4367 876 4412 tantum
894 4361 945 4414 toci
961 4377 978 4412 a
996 4361 1132 4414 chrouista
1152 4361 1346 4418 Reinhondshr.

231 4431 319 4482 additi
335 4447 367 4482 ea
384 4433 442 4484 etus
459 4445 535 4498 opere
551 4438 761 4497 exsuperemur.
