3188 4990
367 441 535 498 030ch
547 440 576 498 S.
587 441 703 498 PETRI
715 441 977 498 ERFORDENSIS
990 443 1079 500 MOD.
1098 444 1135 501 A.
1146 447 1223 501 1274.
1304 449 1357 502 267

241 625 356 710 gorius
371 625 415 690 X.
436 625 548 690 virum
568 626 796 710 approbatum
820 629 856 690 el
878 625 1075 710 religiosum
1100 630 1136 692 el
1158 648 1220 712 per
1243 628 1357 692 omnia
1368 634 1446 688 1274

240 714 387 780 sciencia
404 715 589 793 eruditum,
613 715 762 798 priorem
785 715 828 779 de
851 715 995 780 ecclesis
1011 713 1227 782 cloniacensi
1249 718 1355 780 nutri·

240 804 347 883 rum1,
371 805 408 868 in
436 804 633 888 episcopum
658 803 849 868 constituit.

347 893 487 958 'Idem‘
513 892 699 976 Gregorius
723 913 812 976 papa
834 893 871 955 in
894 892 1040 957 concilio
1064 892 1248 976 diligenter
1272 914 1450 963 com-*arsa

209 983 334 1046 amisii
367 981 535 1046 fratribus
570 981 746 1065 predicare
782 1001 917 1046 crucem
955 981 992 1045 in
1030 982 1220 1046 subsidium
1254 983 1356 1048 Terre

241 1070 375 1149 Sancte,
389 1074 425 1136 et
439 1070 571 1153 utplus
587 1070 709 1134 adhoc
725 1089 782 1135 eos
800 1069 964 1149 alliceret,
978 1063 1154 1135 libellumb
1171 1071 1357 1136 delicatum

240 1180 329 1243 papa
350 1160 445 1223 misit
468 1159 513 1223 ad
528 1159 785 1244 perlegendum,
810 1158 907 1223 cuius
921 1162 1022 1224 tenor
1036 1159 1117 1223 talis
1133 1163 1202 1225 est:
1275 1158 1358 1225 Olim

245 1246 587 1328 Constantinopolitani
617 1268 638 1312 a
669 1247 861 1312 Sarracenis
894 1246 1116 1326 molentmsime
1149 1247 1302 1330 oppressi,
1336 1271 1357 1312 a

241 1335 365 1400 Karolo
387 1335 514 1419 Mcpno
542 1334 730 1418 imperatore
759 1335 918 1401 cundiam
946 1335 1128 1419 suppliciter
1151 1337 1355 1419 postulantes,

206 1449 231 1489 ιο
240 1423 494 1507 impetraverunt,
524 1425 608 1506 quod
634 1423 701 1508 epse
724 1424 870 1490 Karalus
898 1445 969 1490 cum
997 1424 1135 1491 enercitu
1162 1425 1357 1491 Christiano·

239 1535 310 1578 rum
341 1511 555 1595 personaliter
586 1513 625 1577 in
661 1511 856 1578 adiutorium
888 1512 975 1578 venit
1009 1513 1064 1578 eis.
1120 1514 1187 1596 Quo
1225 1514 1351 1580 audito⁰

240 1600 380 1668 timentes
403 1601 587 1684 Sarraccni,
612 1623 693 1684 pace
722 1602 819 1684 facta,
855 1595 1219 1684 Constantinopolitanae
1246 1602 1356 1686 inpup-

240 1687 339 1756 nared
365 1691 403 1756 de
426 1696 523 1756 cetero
546 1711 612 1756 non
634 1691 801 1756 audebant.
848 1691 926 1756 Post
953 1711 1087 1773 quorum
1111 1712 1266 1758 recessum
1288 1692 1357 1758 Ka-

239 1779 325 1845 ralus
340 1800 378 1844 ea
393 1779 558 1845 mammes
580 1778 642 1844 sibi
664 1785 693 1844 et
714 1778 782 1844 suis
797 1777 918 1845 ostendi
940 1778 1065 1862 rogauit
1085 1801 1207 1846 crucem
1221 1780 1358 1846 Domini

205 1875 268 1933 aet
288 1867 432 1951 pineam
455 1873 641 1949 emonam⁰,·
662 1867 775 1950 quilius
798 1889 867 1934 cum
889 1867 1071 1934 reverencia
1092 1869 1285 1950 monstratis,
1308 1869 1356 1934 in·

239 1957 339 2022 mensi
369 1955 476 2023 odoris
507 1957 651 2022 suamtos
680 1963 772 2022 tanta
800 1956 914 2021 exinde
942 1977 1088 2039 respersa
1117 1963 1174 2039 est,
1205 1965 1358 2040 quantam

239 2046 398 2111 nmmum
420 2051 486 2112 etas
501 2045 664 2111 laninam
686 2051 760 2110 tunc
782 2045 928 2126 temporis
950 2044 1138 2110 noeminerm
1159 2067 1191 2111 se
1213 2046 1354 2128 sensisse,

238 2141 273 2199 ut
288 2140 443 2217 putarent
463 2155 496 2200 se
512 2141 673 2216 presentes
694 2133 732 2199 in
754 2133 922 2199 anwnuatc
939 2133 1093 2216 paradisi
1108 2134 1247 2216 posttea·
1270 2143 1299 2202 et
1319 2136 1357 2201 in

238 2222 310 2306 apsa
338 2225 421 2288 hora
449 2223 487 2288 de
508 2222 663 2288 aramtate
685 2221 791 2288 odoris
816 2221 905 2287 iltius
928 2222 1066 2304 plurimi
1087 2219 1182 2289 muts
1208 2223 1312 2290 curati
1336 2248 1357 2291 a

204 2311 373 2377 sodioersis
395 2311 645 2394 infirmitatibus,
669 2318 698 2376 et
713 2311 833 2393 plures,
857 2310 912 2393 qui
927 2311 1096 2393 sepeliendi
1118 2319 1211 2378 erant
1231 2313 1355 2395 mortui,

238 2407 312 2466 sunt
333 2399 521 2466 resuscitati.
572 2400 651 2467 Oeam
673 2407 777 2466 autem
800 2399 946 2465 Karalus
968 2421 1117 2466 coronam
1138 2401 1274 2467 Domini
1295 2403 1356 2486 spi·

239 2511 332 2554 neom
360 2489 509 2555 manibus
538 2489 642 2555 deame
671 2495 828 2570 tractaret,
859 2488 925 2553 albi
952 2490 1050 2568 stores
1077 2490 1156 2555 miri
1184 2491 1290 2556 odoris
1319 2512 1358 2556 ec

238 2578 349 2660 spinis,
381 2578 524 2643 manibus
552 2576 739 2659 uidentibus,
769 2597 843 2642 moa
871 2576 971 2642 scorti
997 2585 1079 2660 sunt,
1110 2600 1186 2661 quos
1209 2579 1357 2662 cotlipens

239 2666 384 2732 Karalus
412 2687 469 2732 rea
496 2666 565 2732 iam
586 2673 727 2731 mmuros
748 2665 786 2731 in
809 2665 974 2732 cirotecam
996 2688 1088 2732 suam
1109 2667 1281 2748 lonomfice
1308 2670 1356 2734 de-

203 2755 350 2837 scposuit,
374 2755 430 2838 pai
449 2757 550 2837 paulo
566 2755 699 2838 postia
720 2776 843 2820 manna
865 2755 1007 2820 conrasi
1029 2759 1134 2822 santi
1242 2759 1357 2842 Igitur

238 2845 330 2910 lecto
363 2845 483 2910 libello
518 2844 580 2910 illo
610 2847 647 2909 in
676 2844 856 2928 Lugduno,
888 2846 1006 2909 statim
1037 2867 1127 2931 papa
1161 2847 1263 2912 misso
1294 2867 1355 2914 suo

238 2935 381 3000 nunctio
404 2935 552 3000 eundem
575 2933 732 2998 libellum
755 2933 931 3017 repeciili.

344 3023 529 3088 Decrevit&
547 3023 655 3088 eciam
678 3042 768 3106 papa
791 3043 868 3086 cum
891 3022 1036 3092 concilio
1045 3024 1068 3102 ⁴,
1093 3025 1184 3107 qnod
1207 3028 1355 3089 tantum·

238 3112 339 3176 modo
369 3112 405 3176 in
436 3112 580 3178 ecclesia
611 3112 681 3175 sini
711 3111 779 3175 duo
809 3111 946 3176 ordines
969 3112 1213 3178 mendicantes.
1258 3108 1352 3178 ΑΙίἰιι

202 3203 356 3266 mantem
394 3220 429 3266 se
464 3201 508 3265 ad
542 3193 627 3264 alia¹
659 3199 810 3264 claustra
844 3202 879 3264 ei
908 3199 1092 3284 religiones
1125 3203 1352 3279 transferant;

238 3283 313 3353 sint
329 3291 458 3368 aulem,
482 3290 598 3374 plures
620 3310 690 3353 non
705 3287 883 3372 recipiunt,
907 3289 968 3353 sed
990 3290 1159 3374 paulatim
1182 3290 1353 3356 deficiant.

238 3371 324 3442 Hic¹
353 3398 443 3463 papa
475 3377 662 3462 Gregorius
694 3377 847 3442 decimus
879 3378 1003 3442 statuit
1013 3377 1034 3456 ⁵,
1067 3379 1159 3462 quod
1194 3379 1353 3464 episcopi,

238 3468 296 3550 qui
328 3467 491 3532 ordinant
521 3466 662 3533 clericos
685 3465 797 3530 aliene
820 3467 1000 3549 parrochie
1023 3467 1096 3532 sine
1120 3466 1265 3532 licencia
1288 3469 1354 3553 epi-

237 3575 417 3640 scoporum
440 3576 580 3621 snorum
604 3555 775 3632 scienter,
800 3575 1005 3638 perannum
1020 3576 1041 3619 a
1056 3555 1244 3622 collacione
1268 3558 1354 3621 ordi·
1363 3581 1391 3629 u.
1399 3582 1452 3626 rur.

202 3665 320 3708 annm
343 3646 414 3709 sini
437 3646 608 3729 suspensi;
640 3648 757 3709 tamen
787 3642 903 3708 clerici
929 3643 1081 3728 ipsorum
1104 3649 1248 3729 possunt
1270 3645 1354 3711 alibi

235 3797 328 3852 a)1tom
342 3800 371 3844 R.
396 3826 402 3840 .
437 3800 461 3848 b)
475 3800 584 3850 qnondam
598 3799 637 3841 llb.
652 3799 679 3842 Ii.
741 3802 762 3848 c)
775 3799 853 3847 stall,-
872 3803 912 3838 snt
925 3804 944 3844 l.
1004 3797 1028 3850 d)
1042 3799 1151 3843 nonand.
1165 3800 1192 3840 ds
1206 3805 1248 3842 cst
1262 3801 1313 3852 inp.
1327 3803 1354 3845 R.

236 3853 257 3902 e)
271 3853 382 3894 corononi
394 3853 468 3892 umam
481 3864 540 3893 corr.
555 3852 636 3894 corani
650 3856 670 3895 1.
737 3853 803 3902 nate
816 3852 849 3902 R,·
870 3861 912 3894 cm.
926 3857 945 3898 1.
1011 3851 1035 3904 g)
1049 3852 1135 3894 Eodem
1148 3865 1207 3894 anno
1221 3852 1281 3895 decr.
1295 3866 1353 3905 papa

236 3907 260 3946 ln
274 3917 336 3950 conc.
350 3905 524 3958 Lngdl‘mtt
537 3907 563 3950 E.
629 3905 654 3956 h)
673 3905 756 3948 suas.
823 3905 841 3955 l)
860 3905 936 3956 aem
956 3919 998 3948 om.
1013 3909 1033 3947 1.
1100 3907 1124 3957 k)
1144 3908 1186 3960 all,
1200 3909 1274 3948 endan
1288 3921 1353 3948 mma

235 3969 341 4009 superem.
353 3961 390 4001 ain
404 3963 423 4004 l.
475 3961 492 4009 l)
505 3961 547 4000 llic
560 3980 586 3990 -
599 3961 698 4001 valitura
710 3961 743 4010 (p.
758 3959 804 4010 268,
823 3960 837 4002 t.
851 3959 889 4010 2⁴)
902 3972 943 4004 oar.
956 3961 983 4004 E.

200 4081 227 4121 so
238 4067 263 4134 1)
279 4067 452 4122 Asianorum.
524 4067 552 4135 2)
569 4067 613 4132 Of.
632 4065 781 4120 Hcltnanrtt
797 4066 897 4122 Cicron.
923 4083 949 4121 c.
967 4069 1029 4132 802,
1054 4066 1154 4134 Mipne,
1172 4068 1272 4123 Patrai.
1291 4069 1352 4124 Lat.

237 4137 349 4206 CCXII,
375 4154 395 4194 c.
414 4139 475 4195 845.
566 4139 593 4205 3)
609 4138 736 4192 Fortasse
757 4140 822 4206 pura
840 4140 957 4204 copnooit
974 4138 1090 4190 titanum
1114 4155 1167 4193 esse
1183 4141 1353 4193 merrdactssr'·

236 4225 317 4264 raum.
399 4209 429 4278 4)
447 4209 589 4276 Spumea
606 4215 713 4277 sumpta
731 4215 794 4262 srrnt
811 4225 845 4262 ea·
863 4208 1100 4262 nemausensem
1118 4211 1231 4276 conniti,
1250 4211 1350 4276 Massi,

237 4279 311 4336 am.
331 4280 440 4346 XXIV,
462 4297 493 4348 p.
511 4281 651 4348 81—102;
676 4279 771 4347 Luam,
792 4281 867 4335 Com.
886 4279 938 4344 XI,
952 4285 976 4346 1,
1001 4297 1022 4337 c.
1042 4283 1189 4338 sal-994.
1227 4281 1300 4334 Haec
1320 4297 1353 4334 aa

236 4351 322 4472 feast.
334 4354 370 4407 28
384 4377 416 4395 =
429 4352 507 4404 Secti
522 4351 622 4406 Darat.
641 4352 657 4411 l,
670 4351 727 4420 III,
746 4355 786 4405 tr't.
800 4354 842 4408 17.
913 4351 940 4421 5)
961 4352 1046 4407 Ccnst.
1061 4355 1095 4408 15
1114 4376 1146 4397 ==
1165 4353 1242 4406 mers
1252 4353 1352 4406 Dscrct.

199 4435 226 4476 rs
247 4423 295 4488 .1,
320 4425 360 4478 tit.
379 4425 405 4490 9,
431 4438 451 4476 c.
471 4424 497 4478 2.
