3214 4990
593 474 760 530 0120ch
778 474 913 532 MINOR.
1261 477 1315 532 505

196 659 372 724 dicatorum
387 657 611 740 Erplrorclensi
633 657 770 740 scriptus
792 658 900 737 fuerit.
936 658 981 722 In
1004 679 1038 722 eo
1061 656 1147 723 enim
1170 655 1314 722 additum

195 755 266 813 erat
293 752 437 810 a.1228.
468 747 590 826 fratres
620 747 862 812 Praedicatores
890 747 1110 828 Erplcordiam
1139 745 1313 827 advenisse,

195 838 278 918 quod
305 835 401 900 etiam
430 835 467 900 in
494 835 679 900 Annalibus
710 856 817 900 eorum
846 856 946 916 supra
969 857 1004 917 p.
1029 841 1081 900 31.
1113 833 1231 900 dictum
1260 841 1313 914 est,

196 932 306 990 contra
336 924 485 988 omissum
518 925 601 1004 quod
633 924 669 988 in
704 924 798 989 Gran.
829 924 961 989 Minore
995 923 1143 1004 traditur,
1178 924 1314 1003 fratrem

168 1015 351 1095 oquendum
374 1013 498 1078 ordinis
520 1012 784 1078 Praedicatorum
805 1013 1061 1095 Erpbordcnscm
1084 1035 1113 1078 o.
1136 1019 1228 1076 1262.
1253 1012 1314 1092 fut-

194 1102 279 1166 mine
309 1102 403 1167 ictum
433 1101 538 1182 osse¹,·
568 1101 685 1166 omissa
711 1108 786 1166 suut
806 1102 901 1167 etiam
924 1103 1081 1184 quaedam
1104 1103 1149 1167 ad
1170 1101 1314 1166 ordinem

196 1191 364 1255 Minorum
386 1190 570 1272 spectantia.
609 1191 713 1271 Atque
728 1190 824 1270 facite
843 1191 917 1270 pieri
934 1190 1047 1272 potnit,
1071 1191 1158 1256 utin
1173 1189 1230 1255 boc
1246 1210 1313 1254 con·

195 1286 288 1346 centn
311 1280 390 1344 tiber
405 1278 599 1344 recensionis
613 1279 647 1342 B
669 1300 708 1344 eu
722 1286 839 1360 quarta
855 1281 1033 1344 recensione
1048 1280 1190 1359 fratrum
1206 1278 1313 1342 Mino-

194 1389 265 1433 rum
289 1369 564 1450 Erplrordensium
594 1375 770 1450 auperetur,
801 1375 837 1434 ut
864 1370 1024 1450 euomplar
1046 1368 1141 1433 liuius
1170 1367 1247 1432 libri
1276 1367 1314 1432 in

159 1484 186 1524 ιο
195 1464 376 1522 conuentmn
399 1458 555 1538 qnondam
571 1457 738 1522 Suebicum
753 1457 878 1522 ordinis
893 1457 1157 1523 Praedicatorum
1173 1456 1313 1537 Erplcor-

195 1546 251 1612 dia
273 1553 499 1628 asportaretur.
540 1545 618 1611 Cum
639 1546 843 1612 Continentia
858 1546 1031 1611 communis
1054 1545 1194 1611 codicum
1214 1541 1308 1628 Bp).

195 1642 225 1699 5.
242 1641 297 1698 5⁸.
322 1635 357 1699 D
379 1657 475 1716 uscue
498 1635 542 1699 ad
564 1657 593 1698 a.
614 1641 708 1700 1374.
726 1636 884 1716 producta
907 1635 957 1715 sit,
981 1655 1088 1700 eorum
1111 1635 1313 1718 archetypum

193 1725 250 1790 boo
272 1745 359 1788 anno
382 1723 532 1805 scriptam
553 1723 653 1803 fuisse
676 1731 817 1806 apparet.
856 1724 952 1789 In'bri
971 1724 1067 1788 buius
1089 1724 1200 1788 classis
1222 1730 1314 1788 sunt:

300 1813 334 1876 B
350 1809 381 1896 4)
409 1812 513 1878 Ooden
536 1812 865 1879 Vindobonensis
889 1812 960 1878 bibl.
986 1812 1157 1894 palatinae
1179 1833 1230 1876 nr.
1248 1819 1312 1876 364

159 1898 298 1977 utilist.
317 1902 406 1982 prof.
424 1901 493 1983 72),
517 1903 643 1966 numbr.
668 1902 734 1983 fol,
760 1901 834 1966 otim
857 1902 962 1966 Liber
985 1903 1018 1966 S.
1035 1903 1144 1966 Maris
1167 1903 1252 1986 virg.
1276 1903 1313 1965 in

194 1992 415 2074 Newnburga
431 1991 609 2056 claustrali
621 1993 640 2071 Ι,
665 1997 804 2056 eatrema
818 1997 914 2072 parte
936 1991 961 2070 f.
981 1995 1170 2052 ‘eol-213.
1189 1986 1232 2070 (p.
1247 1996 1311 2053 423

194 2085 326 2163 -448)
361 2079 530 2145 cronicam
557 2078 722 2143 Minorem
750 2101 850 2144 manu
879 2100 958 2143 saec.
979 2079 1081 2142 XIV.
1105 2079 1152 2142 in.
1180 2079 1313 2158 purlcbre

195 2175 223 2233 et
239 2176 370 2250 peracte
392 2167 429 2233 in
452 2168 554 2250 toupis
576 2168 679 2249 lineis,
703 2170 759 2233 scd
776 2168 956 2234 mendosius
970 2167 1123 2248 scriptam
1146 2166 1282 2232 continet
1290 2168 1311 2247 ³,

194 2279 274 2340 quae
307 2258 344 2321 in
373 2258 431 2322 boc
460 2257 540 2322 libro
569 2257 637 2322 iam
667 2256 786 2322 desinit
813 2257 851 2322 in
881 2249 910 2321 a.
940 2262 1032 2320 1256.
1065 2255 1167 2320 uerbis
1198 2262 1313 2340 paries

158 2347 469 2414 soGhrisiinnorum
503 2347 597 2411 ultra
631 2368 733 2425 mare,
765 2347 820 2411 sed
848 2367 979 2428 sequens
1007 2345 1122 2425 folium
1155 2344 1223 2409 iam
1256 2344 1314 2409 diu

195 2435 418 2500 abscisum-
440 2456 518 2500 nam
541 2442 679 2500 extrema
702 2437 829 2518 popina
852 2434 978 2515 codicis,
1008 2441 1044 2498 ut
1064 2455 1150 2499 nnnc
1173 2440 1219 2498 est
1251 2454 1313 2515 per

195 2523 355 2589 diu-tinum
376 2530 496 2605 tempus
519 2524 724 2605 topumentis⁴¹
747 2545 811 2589 non
835 2523 986 2606 compacti
1008 2523 1100 2587 ualde
1123 2524 1245 2587 detersa
1268 2529 1314 2587 est

197 2648 238 2656 —
273 2612 373 2678 codici
410 2612 717 2677 Vindobonensi
750 2612 886 2678 ciusdem
925 2612 1127 2678 bibliothecae
1164 2633 1214 2676 nr.
1247 2617 1310 2675 373

196 2701 299 2781 (Hist.
317 2701 406 2782 prof.
432 2705 489 2784 83)
514 2701 676 2766 insutum⁵
698 2701 767 2765 eins
788 2702 814 2781 f.
832 2708 862 2764 8.
887 2709 940 2783 cst,
971 2701 1062 2766 cuius
1077 2699 1204 2783 popina
1226 2706 1312 2765 recta

158 2815 185 2854 rs
194 2798 368 2872 sequentem
391 2797 518 2872 partem
544 2789 700 2856 Oronicae
722 2790 867 2855 Minoris
896 2789 1040 2870 continet,
1071 2792 1126 2854 sed
1147 2790 1224 2855 baec
1246 2789 1312 2854 iam

195 2879 312 2944 desinit
333 2879 370 2944 in
393 2887 532 2944 entrema
555 2878 642 2943 tinea
664 2878 759 2944 buius
773 2878 847 2959 folii
868 2879 906 2943 in
929 2900 959 2943 a.
980 2883 1075 2943 1364.
1098 2877 1202 2943 uerbis
1216 2880 1312 2943 mise·

194 2969 351 3034 rabiliter
373 2969 643 3034 submerserunt.
679 2969 790 3048 Neque
813 2974 918 3033 tamen
940 2967 1083 3032 dubitari
1099 2973 1208 3048 potest,
1233 2966 1312 3049 quin

194 3057 318 3138 reliqua
347 3077 412 3121 non
441 3059 549 3137 solum,
580 3059 636 3121 sed
664 3063 693 3121 et
727 3055 931 3121 Continuatio
958 3055 1033 3135 III,
1068 3077 1164 3136 quam
1194 3055 1313 3120 codices

194 3145 228 3210 B
244 3151 273 3208 5.
291 3151 346 3209 5⁸.
369 3144 404 3210 D
427 3148 591 3227 praebent,
621 3145 658 3210 in
688 3145 855 3228 archetypo
881 3143 977 3208 buirus
1002 3143 1119 3208 codicis
1141 3143 1310 3208 extiterint.

158 3234 261 3300 ioPro
283 3234 335 3298 luis
357 3255 429 3299 cero
452 3235 533 3300 altu
548 3234 654 3300 scriba
669 3233 854 3298 monosterii
870 3232 1109 3315 Neuburpcnsis
1131 3232 1168 3297 in
1185 3232 1312 3314 popina

194 3343 284 3387 uersa
314 3322 444 3388 initium
473 3323 641 3388 Historiae
671 3343 830 3388 annorum
863 3323 1115 3386 1264-1276.6
1143 3343 1239 3403 usque
1268 3322 1313 3386 ad

196 3533 223 3600 1)
240 3533 282 3584 Ne
305 3534 366 3600 auis
390 3533 503 3584 erederet
528 3532 576 3584 boo
599 3534 692 3585 diuina
717 3533 815 3585 ultimis
839 3533 941 3596 sactum
966 3548 1026 3586 esse.
1098 3533 1127 3598 2)
1148 3531 1189 3582 De
1206 3546 1258 3597 quo
1276 3531 1311 3594 cs.

196 3604 318 3656 ‘Arabio’
328 3604 365 3670 X,
378 3621 408 3671 p.
418 3606 469 3658 461
478 3620 532 3671 sqq.
540 3622 551 3666 ,·
569 3604 616 3658 SS.
630 3604 682 3672 IX,
699 3623 725 3672 p.
736 3607 798 3660 484.
808 3606 876 3672 606;
897 3604 960 3658 Tab.
974 3603 1046 3658 codd.
1060 3618 1193 3656 manuscr.
1199 3602 1311 3656 Vindob.

195 3675 218 3740 I,
239 3691 268 3742 p.
289 3677 332 3730 56.
423 3677 451 3742 3)
472 3675 619 3741 Aliquoties
644 3678 674 3726 in
696 3676 743 3727 noc
767 3675 837 3727 libro
854 3675 978 3727 rubricae
1002 3673 1210 3726 narrationibus
1230 3689 1313 3740 prae-

160 3749 309 3827 sosorn'ptae
327 3752 398 3810 sunt,
418 3752 448 3797 ut
466 3744 540 3831 Nota
558 3745 593 3798 de
612 3746 741 3800 conciliis.
757 3745 882 3832 'Ibiverse
900 3745 1028 3830 hereses..
1044 3743 1086 3797 De
1104 3761 1176 3812 papa
1188 3742 1311 3803 muliere,

194 3815 1060 3956 nitidisnitidistritissimi>
1079 3815 1312 3950 docimii

194 3961 364 4023 coniecissnu,
378 3975 450 4011 nuuc
463 3959 581 4012 Lccbner
591 3963 679 4012 socius
690 3967 778 4012 noster
791 3962 905 4027 inspecto
913 3966 1024 4026 atroam
1035 3959 1119 4011 codice
1135 3959 1310 4023 confirmauit,

193 4032 243 4097 qui
265 4032 335 4082 mibi
353 4032 511 4098 perscripsit
532 4032 579 4084 hoc
601 4032 697 4096 solium
719 4033 827 4082 minime
847 4032 931 4094 fuisse
955 4037 1102 4082 extremum
1117 4031 1310 4096 quaternionis,

157 4107 223 4156 tout
246 4103 284 4156 W.
304 4101 482 4167 Wattenbocb,
509 4102 631 4154 ‘Arabio’
650 4102 687 4165 X,
711 4121 738 4170 p.
757 4104 818 4166 464,
846 4102 926 4167 discit,
951 4103 997 4154 sed
1022 4102 1152 4165 soliorum
1179 4103 1220 4166 13,
1245 4116 1312 4168 auae

194 4174 224 4224 in
250 4173 303 4227 eod.
324 4176 385 4228 364,
407 4173 547 4225 Granicum
573 4174 706 4226 Minorem
732 4175 873 4238 continent,
897 4174 1031 4225 duodecim
1054 4174 1153 4240 priora
1178 4177 1240 4224 sunt
1263 4187 1312 4223 seor

194 4245 262 4307 solio
287 4244 415 4314 duplicia,
442 4244 618 4310 cohaerentia,
647 4245 745 4308 solium
770 4246 812 4298 13.
840 4251 994 4312 separatum
1019 4249 1064 4308 ost,
1090 4245 1135 4295 cui
1161 4243 1312 4296 adduidum

193 4315 292 4379 sotium
304 4318 330 4371 8.
343 4317 439 4367 codicis
451 4318 512 4378 373,
529 4316 598 4382 arcad
609 4315 700 4368 itidem
711 4321 865 4382 separatum
878 4317 939 4381 fuit.
964 4315 999 4366 In
1007 4315 1113 4381 popina
1125 4331 1201 4366 serso
1214 4314 1278 4378 solii
1285 4317 1311 4369 8.

192 4387 323 4440 mutuatu
329 4387 434 4454 quidem
441 4385 513 4438 XXI
523 4387 586 4452 (non
593 4385 703 4456 XXIV)
714 4403 797 4438 manu
806 4387 907 4439 scribae
916 4387 998 4438 huius
1004 4389 1123 4452 popinae
1129 4388 1258 4454 smtptum
1265 4390 1309 4448 est,

157 4471 184 4512 4⁶
193 4459 263 4526 quod
274 4459 399 4526 quomodo
410 4459 598 4526 explicandum
610 4461 653 4524 sit,
673 4473 727 4510 non
735 4464 817 4526 potet.
885 4458 912 4528 6)
931 4459 978 4512 SS.
989 4457 1041 4524 IX,
1052 4475 1080 4524 p.
1091 4459 1143 4512 649
1150 4473 1205 4523 sqq.
1219 4457 1310 4508 atne.
