3188 4990
336 486 503 544 ORONIGA
516 488 544 543 S.
554 486 670 542 PETRI
682 487 942 543 ERFORDENSIS
954 487 1043 544 MOD.
1062 489 1097 549 A.
1109 492 1186 546 1277.
1276 494 1329 547 283

211 693 424 758 expugnasse
455 671 642 754 debuisset
670 676 783 736 castra
813 674 848 736 et
872 671 1029 736 civitates
1052 671 1137 736 alias
1160 680 1417 756 expugna-1278.

212 761 293 844 rit¹¹
319 761 513 826 adversario
545 781 606 825 suo
629 760 768 825 interim
791 779 929 844 operam
960 761 1079 824 danti*
1105 763 1141 825 et
1164 761 1329 825 auxilium

211 850 356 916 aliorum
379 850 614 934 imploranti&
649 849 739 912 Nam
761 870 822 914 rex
836 848 1008 913 liudolfus
1032 849 1173 914 mittens
1196 849 1329 933 legatos

212 941 256 1004 ad
286 959 402 1024 regem
426 938 577 1022 Ungcrie
608 955 681 1022 pro*
699 937 828 1002 auxilio
858 938 1001 1002 ferendo
1033 939 1189 1021 promisit
1219 939 1330 1003 multa

179 1034 247 1094 set
271 1049 396 1112 magna
426 1019 622 1102 donativa¹¹;
647 1026 772 1110 quibus
802 1026 934 1092 verbis'e
962 1045 1020 1092 rex
1051 1026 1211 1091 credulus
1234 1029 1330 1091 venit

212 1119 244 1182 ei
273 1118 311 1180 in
340 1117 551 1180 adiutorium
581 1136 660 1181 cum
689 1116 919 1199 quadraginta
949 1115 1088 1180 milibus
1112 1115 1328 1200 Ungarorum

212 1210 248 1271 et
271 1205 510 1270 Oomanorum.
557 1204 622 1268 His
645 1205 793 1289 peractis
816 1225 876 1269 rex
897 1204 1070 1268 liudolfus
1099 1205 1253 1289 precepit
1277 1226 1329 1270 ex-

212 1295 425 1379 pedicionem
456 1295 528 1358 lieri
559 1313 620 1378 per
647 1297 759 1357 totam
789 1296 916 1358 terram
947 1297 1077 1377 septem
1109 1293 1228 1358 diebus
1253 1315 1328 1358 con-

210 1384 516 1469 gregacioncmque
539 1382 614 1447 fieri
637 1401 743 1466 prope
762 1383 938 1447 civitatem
953 1377 1129 1460 Marech⁶3
1154 1383 1246 1465 quod
1268 1387 1323 1447 et⁰

177 1495 202 1535 10
211 1473 344 1537 factum
374 1476 436 1536 est.
490 1470 581 1534 Illuc
612 1471 703 1535 enim
733 1471 873 1536 advenit
907 1472 1087 1555 episcopus
1118 1471 1446 1546 Basiliensisaruasr)

211 1563 320 1627 frater
353 1560 569 1636 Heinricus2,
605 1562 725 1644 postea
759 1560 1035 1645 archiepiscopus
1069 1560 1327 1644 Mogonciacen-

212 1643 321 1726 sies-³,
347 1669 424 1714 cum
448 1670 509 1713 suo
534 1649 710 1713 comitatu.
756 1649 829 1713 Rex
852 1649 982 1732 igiturss
1008 1649 1147 1714 Boemie
1171 1671 1249 1714 cum
1272 1649 1328 1714 ob-

211 1739 355 1822 sedisset
393 1739 564 1821 quandam
599 1737 773 1803 civitatem
805 1758 872 1820 que
904 1738 1032 1802 dicitur
1066 1731 1149 1815 Lab,
1185 1739 1328 1803 audiens

178 1848 327 1912 irrogem
360 1826 551 1890 liudolfum
589 1819 789 1911 preparare¹
825 1847 862 1890 se
896 1827 940 1890 ad
975 1847 1126 1910 pugnam
1161 1847 1328 1910 suumque

213 1916 401 1981 exercitum
434 1916 545 1980 iacere
580 1916 616 1979 in
651 1915 910 1999 campestribus,
942 1915 1087 1980 cessavit
1121 1936 1142 1979 a
1176 1916 1326 1990 civitate,
1337 1939 1403 1988 (Aru.
1412 1939 1455 1986 is.)

213 2005 422 2088 consilioque
452 2009 593 2088 accepto
624 2025 645 2068 a
672 2005 742 2068 suis
776 2024 846 2067 non
877 2003 1046 2081 fidelibus,
1075 2037 1119 2048 —
1146 2009 1328 2069 suaserunt

213 2088 311 2158 eumk
337 2094 453 2158 venire
483 2112 560 2158 cum
591 2094 684 2157 omni
715 2092 887 2158 exercitu⁰
915 2093 959 2156 ad
983 2092 1096 2156 locum
1120 2092 1179 2175 qui
1202 2092 1329 2157 dicitur

212 2175 415 2266 Drezingin¹
446 2183 558 2247 minus
581 2185 708 2245 tutum.
760 2181 892 2245 Nuncm
922 2181 966 2245 ad
1001 2181 1104 2246 finem
1134 2180 1327 2246 tendamus.

176 2272 427 2336 acAdveniente
449 2271 576 2354 igitur¹¹
603 2269 722 2355 vigilia
744 2270 857 2335 beati⁰
885 2270 1131 2346 Bartholomei,
1154 2290 1221 2353 que
1243 2273 1436 2342 tuncruqaa.

210 2361 338 2428 tercia⁰
377 2359 465 2424 feria
501 2359 584 2434 fuit,
617 2380 676 2424 rex
710 2359 943 2424 Romanorum
977 2362 1241 2424 castrametatus
1276 2362 1328 2423 est

212 2450 302 2513 inter
324 2449 496 2532 quoddam
526 2452 676 2514 castrum
700 2447 831 2512 Stilfrit
854 2449 986 2513 dietum
1016 2450 1052 2512 et
1073 2448 1246 2531 quandam
1270 2449 1328 2511 vil·

211 2537 280 2601 lam
310 2538 438 2602 dictam
463 2537 729 2615 Deurintrhut1'‚
758 2557 839 2620 rege
863 2537 1003 2602 Boemie
1028 2537 1163 2601 iacente
1193 2537 1230 2600 in
1253 2537 1328 2601 loco

212 2627 401 2710 predicto&
432 2627 481 2691 sic
511 2626 650 2691 interim
679 2626 863 2710 utrobique
890 2629 1119 2710 preparantur
1149 2631 1230 2710 perr
1258 2629 1327 2690 tres

176 2715 284 2780 adies
308 2716 351 2779 ad
374 2735 536 2800 pugnam.
575 2714 680 2780 Sexta
703 2720 802 2798 ergo⁸
823 2715 911 2780 feria
933 2715 1003 2779 iam
1024 2713 1248 2780 illucescente
1272 2716 1327 2780 die
1338 2741 1392 2788 aa.
1401 2740 1433 2782 rc.

212 2802 355 2869 Comani
378 2807 414 2869 et
430 2803 562 2888 Ungari
577 2804 726 2887 prelium
748 2805 1007 2881 inchoaverunt,
1033 2805 1145 2868 castra
1167 2804 1327 2869 invaden-

211 2895 264 2957 tes
280 2894 494 2970 Bocmornm,
518 2912 598 2976 rege
622 2913 740 2957 eorum
763 2913 833 2957 non
856 2891 958 2975 longe
982 2893 1149 2958 existente
1169 2893 1326 2956 acastris

211 3001 288 3046 cum
318 3001 379 3045 suo
409 2980 571 3046 exercitu.
618 2980 896 3064 Congressoque⁸
923 2981 1031 3065 prelio
1061 2981 1200 3064 quidam
1228 2981 1326 3046 miles

210 3069 330 3134 armist
352 3073 546 3147 strennuus,
570 3090 592 3134 a
614 3087 694 3153 rege
713 3069 853 3135 Boemie
877 3070 920 3134 ad
944 3072 1009 3134 hoc
1032 3068 1228 3153 specialiter
1251 3091 1326 3134 con·

174 3159 344 3237 seductus,
368 3162 409 3223 ut
430 3179 546 3242 regem
568 3158 800 3223 Romanorum
830 3159 896 3223 sibi
918 3158 1098 3236 subiceret,
1122 3159 1236 3244 ipsum
1265 3178 1325 3241 pre

210 3246 286 3312 aliis
321 3252 454 3325 notans,
490 3266 625 3330 equum,
659 3248 714 3312 cui
745 3248 883 3323 insedit,
919 3248 1083 3313 audacter
1116 3247 1324 3311 interfecit4.

208 3458 231 3505 ι)
244 3457 275 3494 sic
289 3457 308 3498 1.
322 3455 350 3498 II.
404 3456 426 3502 b)
441 3452 552 3495 deuscult
565 3455 593 3498 II.
648 3453 668 3506 c)
682 3455 713 3494 etc
727 3455 762 3504 11,-
776 3466 817 3498 om.
832 3458 850 3499 1.
905 3455 927 3505 d)
941 3455 1029 3496 Meroth
1044 3458 1068 3506 1;
1082 3455 1113 3494 ele
1127 3459 1165 3493 aur
1179 3455 1269 3495 Marech
1284 3457 1326 3504 lepl

204 3513 275 3558 potat
288 3511 312 3547 In
324 3509 354 3552 Η.
406 3513 429 3552 at
443 3519 486 3547 om.
501 3508 529 3551 II.
582 3508 789 3558 onogunrlnemn
803 3509 832 3548 II.
896 3512 918 3558 g)
932 3519 986 3559 ergo
1000 3509 1029 3551 II.
1083 3509 1106 3557 h)
1120 3509 1159 3548 hoc
1173 3510 1217 3548 loco
1230 3511 1325 3558 spatum

208 3563 359 3602 itineraretur
373 3573 463 3600 vacuum
478 3561 517 3604 rel.
531 3562 549 3604 1.
603 3562 619 3610 1)
633 3573 658 3602 ιο
671 3573 733 3612 prsp.
747 3561 775 3604 II.
821 3560 846 3613 k)
859 3564 891 3601 ote
904 3565 930 3613 1:
944 3573 993 3602 esre
1007 3562 1036 3611 II,
1052 3561 1088 3600 ubi
1102 3564 1179 3602 venire
1189 3567 1239 3611 pour
1253 3568 1325 3602 tutum

172 3613 315 3664 ItpoeItm,·
331 3616 385 3663 ἴση.
398 3615 553 3654 mandandum
567 3615 625 3655 enlm
640 3615 669 3658 sl.
721 3614 738 3664 l)
751 3615 877 3664 Drsalngcn
890 3615 916 3654 II
919 3629 928 3664 ;
948 3615 1068 3666 Drerlngln
1082 3615 1157 3659 LIII.
1210 3617 1240 3664 m)
1254 3617 1282 3655 N.
1296 3617 1325 3655 ad

208 3669 223 3712 I.
237 3671 296 3711 tenc.
318 3680 361 3708 om.
376 3669 405 3712 II.
472 3666 497 3719 n)
513 3669 620 3708 Veniente
633 3670 710 3717 imque
724 3669 753 3711 II.
820 3672 841 3716 o)
856 3668 912 3708 Icrls
927 3670 997 3708 remla
1010 3669 1038 3711 II.
1106 3667 1129 3720 p)
1146 3670 1282 3708 Deurenrrut
1297 3670 1324 3712 Η.

208 3725 231 3772 q)
245 3719 306 3762 dicto
320 3723 349 3766 Η,
403 3719 632 3772 r)p.tr.d.cm.11.
688 3721 707 3774 s)
720 3721 789 3772 lglrur
803 3722 832 3766 II.
891 3721 1079 3773 r>stc1.L111;
1100 3723 1125 3762 ln
1138 3733 1159 3762 s.
1175 3723 1204 3762 Η.

209 3901 236 3966 1)
257 3899 348 3952 Solum
372 3904 491 3951 rostrum
511 3899 683 3965 Droeendorf
704 3901 873 3968 reproperavit.
957 3899 985 3969 2)
1006 3899 1104 3954 C'Irrou.
1124 3899 1250 3966 Colman,
1276 3902 1323 3956 sS.

207 3970 303 4037 XVII,
325 3986 355 4037 p.
373 3971 435 4036 250,
460 3971 547 4022 tradit
563 3973 712 4040 ορὺοοριιηι
730 3969 905 4023 Baailreneem
923 3971 965 4022 die
983 3970 1054 4036 Iup.
1065 3972 1108 4026 21.
1132 3972 1271 4023 Wiennam
1288 3973 1326 4024 ad

170 4049 293 4108 europem
317 4042 469 4103 admora-
495 4043 565 4108 quod
588 4049 655 4094 certe
679 4041 780 4106 talem
805 4047 850 4107 est,
875 4047 904 4093 ut
922 4042 1028 4094 Buscou
1055 4041 1071 4096 l.
1091 4042 1109 4098 l.
1132 4059 1162 4110 p.
1181 4044 1225 4108 38,
1252 4059 1279 4097 a.
1299 4047 1323 4100 1.

208 4115 319 4179 tumuit,
338 4113 384 4164 sed
396 4115 545 4180 episcopum
562 4113 604 4166 die
616 4114 686 4179 Auo.
695 4113 739 4167 21.
754 4113 889 4165 ademere
907 4129 996 4164 rerum
1013 4129 1107 4167 censeo,
1163 4115 1190 4180 3)
1201 4115 1234 4168 A.
1247 4116 1323 4170 1286.

212 4185 276 4236 Vide
294 4185 373 4249 iufra
392 4185 602 4240 α.1284.1286.
656 4185 685 4250 4)
707 4183 772 4236 Cum
790 4183 838 4236 hoc
856 4184 909 4236 Ioco
925 4186 1089 4237 marceant
1107 4187 1214 4238 omnim
1231 4185 1323 4240 Horra.

207 4256 280 4309 Ana.
290 4257 363 4308 Cone.
373 4253 475 4314 Altae..
487 4253 535 4308 SS.
545 4253 577 4306 X
579 4256 641 4319 VH,
656 4271 685 4322 p.
695 4256 757 4321 410,
774 4259 798 4306 et
811 4255 950 4307 croam
962 4271 985 4306 v.
996 4257 1082 4311 16006
1091 4271 1145 4324 sqq.
1160 4257 1247 4310 16432
1258 4273 1323 4323 sqq„

208 4327 251 4380 ⁴1).
265 4326 341 4380 θὴν]
356 4325 387 4390 V,
405 4343 433 4393 p.
446 4327 507 4380 212.
520 4327 582 4392 218,
600 4328 650 4393 qui
664 4327 729 4378 dicit
746 4325 816 4378 hunc
833 4327 941 4379 milriem
963 4325 1132 4392 Ilurinpum
1153 4327 1245 4391 furcae.
1282 4327 1323 4392 Cr.

169 4399 285 4449 etaiam
303 4394 400 4450 Marta
419 4397 450 4449 de
468 4397 625 4464 Neuenburp
649 4413 670 4452 e.
691 4398 732 4464 19,
759 4399 798 4452 ed.
818 4397 939 4450 Wer'lcnd
962 4399 992 4449 ia
1011 4397 1155 4453 ‘Abtcndl
1174 4399 1200 4452 d.
1221 4398 1279 4452 Ger.
1297 4397 1322 4450 d.

213 4467 292 4521 Wr'ea.
309 4483 344 4519 zu
363 4467 517 4533 ecarnqm’
529 4467 696 4534 XXXVIII,
713 4485 741 4536 p.
753 4471 790 4524 25
801 4485 839 4536 sq.
857 4469 908 4536 (ed.
921 4467 1019 4522 Studer
1032 4485 1062 4536 p.
1076 4470 1109 4524 16
1121 4470 1181 4536 eq).
