3208 5006
447 495 638 552 CRONICAll
656 495 820 553 nssnonrs
838 497 1102 555 ΟΟΝΤῙΝΠΔΤΙΟ
1121 499 1144 557 Ι.
1306 505 1358 558 683

242 683 327 747 riter
354 682 424 747 fuit
445 684 647 747 transmissa
670 681 820 748 Parisius
850 683 1023 768 magistris
1047 689 1083 750 et
1105 685 1272 750 iratribus
1295 686 1356 749 Mi·
1368 689 1445 744 1270.

242 772 382 837 noribus
405 773 480 856 ipsa
503 772 588 836 visio
611 769 786 850 terribilia,
811 793 877 855 que
899 773 981 838 talis
1004 777 1072 838 est:
1098 774 1220 839 Frater
1235 775 1357 839 Iohan-

241 881 300 926 nes
324 862 366 925 de
390 862 506 925 Prisco
537 864 573 926 et
598 861 709 926 irater
732 860 935 926 Waltherus
958 862 1001 927 de
1024 862 1116 928 Hoio
1143 863 1273 928 ordinis
1296 863 1357 927 Mi·

240 971 362 1014 norum
393 950 435 1014 de
466 950 623 1014 custodia
645 949 813 1028 Picardie,
837 951 896 1016 sed
928 952 970 1017 de
994 956 1167 1017 conventu
1190 951 1356 1017 Valenain

217 1040 275 1102 sin
299 1040 456 1104 custodia
480 1037 726 1116 Cameracensi,
751 1039 938 1105 existentes
961 1041 998 1103 in
1027 1045 1139 1106 castro
1161 1043 1254 1124 quod
1277 1041 1356 1105 dici-

241 1132 297 1192 tur
320 1127 476 1212 Hapers⁸
503 1129 589 1192 hora
617 1128 715 1211 quasi
738 1129 935 1212 vespertina
963 1129 1125 1194 viderunt
1155 1130 1264 1194 oculis
1288 1150 1356 1194 cor·

242 1216 416 1301 poralibus
446 1216 552 1281 solem
581 1217 784 1281 rutilantem
819 1217 946 1301 absque
978 1219 1128 1283 nubibus
1163 1217 1356 1283 claritatem

241 1327 335 1370 suam
366 1307 403 1369 in
432 1304 588 1371 lunarem
619 1306 828 1390 palledinem
856 1306 971 1372 subito
995 1311 1222 1386 commutarc;
1254 1329 1356 1392 quam

240 1395 450 1479 palledinem
477 1399 550 1460 tam
579 1394 772 1460 mirandam
796 1417 897 1479 quam
928 1397 1134 1461 horrendam
1165 1397 1247 1462 dum
1271 1397 1357 1461 dicti

206 1485 365 1549 10fratrcs
388 1505 458 1546 una
482 1504 560 1549 cum
583 1482 640 1548 CL
664 1484 861 1549 hominibus
884 1485 1065 1568 utriusque
1095 1505 1205 1563 sexus,
1230 1487 1289 1569 qui
1312 1486 1356 1550 ad

239 1577 311 1637 tam
334 1572 513 1636 insolitum
537 1573 770 1656 spectaculum
795 1580 1037 1653 convenerant,
1062 1595 1140 1639 cum
1167 1574 1280 1638 multa
1302 1575 1356 1640 de·

241 1661 412 1726 solucione
442 1667 477 1726 et
506 1665 636 1727 terrore
666 1663 889 1746 respicerent:
926 1684 1004 1728 ecce
1034 1664 1130 1728 facta
1158 1667 1211 1729 est
1240 1664 1356 1728 subito

239 1752 332 1815 intra
361 1749 480 1814 solaris
511 1750 661 1835 corporis
692 1752 927 1817 extremitates
957 1753 1074 1817 scissio
1104 1753 1261 1836 quedam,
1289 1773 1356 1836 que

238 1841 276 1902 in
299 1839 370 1904 sole
392 1840 429 1902 in
445 1839 584 1903 modum
601 1859 698 1924 spere
714 1839 929 1905 circulariter
951 1841 1139 1924 girabatur,
1164 1845 1200 1907 et
1223 1862 1356 1926 parum·

205 1951 230 1990 rs
240 1949 301 2013 per
323 1931 402 2012 post
430 1927 482 1993 sol
514 1931 567 1992 est
596 1929 641 1992 ad
670 1929 909 2013 integritatem
933 1929 1113 2014 pristinam
1136 1931 1354 2006 reformatus,

240 2017 406 2101 pallorem
428 2020 547 2082 tamen
564 2018 717 2082 retinens
740 2019 831 2082 sicut
845 2018 951 2102 prius.
984 2017 1138 2101 Cumque
1154 2019 1245 2083 circa
1260 2040 1355 2102 quar-

240 2111 311 2171 tam
345 2109 479 2190 partem
514 2107 597 2170 hore
633 2107 675 2171 de
710 2106 825 2190 spacio
859 2109 1024 2191 temporis
1058 2101 1272 2184 transissetb,
1304 2107 1355 2171 sol

240 2195 331 2260 visus
355 2198 408 2260 est
430 2195 541 2259 scindi
563 2198 657 2260 recte
680 2216 741 2279 per
764 2196 915 2260 medium
939 2217 981 2261 ex
1004 2199 1199 2261 transverso
1222 2197 1259 2258 in
1282 2216 1355 2280 par-

240 2289 292 2348 tes
324 2305 384 2369 per
414 2284 530 2348 omnia
559 2284 755 2368 coequales;
787 2288 823 2350 et
854 2285 936 2348 dum
967 2285 1031 2350 hec
1053 2285 1140 2348 visio
1164 2288 1355 2369 appareret,

204 2374 331 2437 sovisus
354 2377 407 2438 est
430 2377 582 2438 armatus
597 2373 650 2437 vir
672 2373 709 2436 in
732 2394 820 2457 equo
843 2377 975 2438 armato
999 2374 1043 2438 ab
1067 2374 1201 2439 oriente
1217 2375 1357 2439 veniens

240 2465 275 2526 et
306 2483 366 2548 per
394 2462 546 2527 medium
573 2461 654 2527 solis
685 2463 845 2546 gradiens
876 2463 1018 2547 paulato
1050 2463 1187 2528 incessu
1217 2462 1359 2528 divertit

243 2552 287 2615 ad
316 2550 539 2616 occidentem.
588 2550 742 2635 Cumque
770 2558 848 2638 post
879 2553 1051 2618 modicum
1083 2553 1149 2617 iste
1177 2552 1358 2637 disparuis-

242 2643 303 2718 set,
326 2640 419 2704 visus
443 2643 496 2704 est
525 2643 561 2704 et
584 2639 673 2705 alter
695 2642 835 2706 venicus
866 2642 909 2706 ab
940 2643 1122 2707 occidente
1149 2645 1185 2707 et
1218 2642 1359 2707 divertit

241 2730 284 2793 ad
317 2730 494 2808 orientem,
524 2730 595 2792 vir⁰
624 2734 776 2794 armatus
810 2731 847 2793 in
881 2751 968 2814 equo
1002 2734 1135 2796 armato
1165 2732 1223 2796 via
1254 2731 1359 2816 priori

206 2819 380 2882 uomnino
404 2818 577 2882 contraria
600 2839 661 2902 per
684 2819 835 2883 medium
859 2819 940 2885 solis
963 2821 1013 2884 ire
1036 2821 1129 2885 visus
1153 2824 1219 2896 est;
1246 2823 1281 2884 et
1304 2841 1358 2904 pa·

241 2928 317 2970 rum
342 2909 429 2990 post,
454 2927 533 2971 cum
556 2906 613 2970 hic
636 2907 795 2972 similiter
818 2909 1022 2985 evanuisset,
1048 2909 1117 2973 duo
1133 2909 1212 2991 equi
1236 2908 1360 2973 armati

242 2996 369 3079 absque
400 2995 587 3061 sessoribus
616 2996 654 3058 in
683 2995 754 3060 sole
785 2996 851 3060 sibi
881 2999 1099 3062 occurrentes
1125 2997 1358 3074 transieruut;

243 3085 301 3167 qui
332 3105 408 3150 cum
441 3084 675 3161 evanuissent,
712 3085 872 3169 apparuit
910 3080 1036 3150 homod
1069 3107 1193 3170 magne
1228 3090 1359 3149 stature

243 3173 287 3238 ad
316 3173 457 3238 modum
487 3172 632 3237 latronis
661 3174 699 3237 in
729 3173 810 3238 solis
833 3175 947 3239 medio
972 3195 1167 3259 suspensus,
1192 3175 1251 3258 qui
1275 3175 1360 3238 adeo

208 3263 389 3327 indiscrete
411 3262 522 3326 videri
550 3265 696 3346 poterat,
721 3263 812 3345 quod
835 3263 930 3328 funis
950 3263 1098 3348 cingens
1129 3261 1256 3328 collum
1288 3263 1360 3328 eius

244 3356 279 3417 et
303 3371 455 3416 annexus
479 3351 645 3436 superiori
668 3351 780 3436 stipiti
803 3355 838 3417 et
854 3373 976 3416 manus
1000 3359 1078 3438 post
1093 3356 1230 3436 tergum
1254 3352 1361 3436 ligate

244 3441 327 3505 satis
349 3440 551 3504 notabiliter
574 3440 732 3505 omnibus
761 3442 985 3527 apparebant.
1033 3441 1187 3525 Cumque
1217 3442 1284 3506 iste
1308 3462 1362 3525 ap·

244 3549 362 3614 parere
393 3533 551 3605 cessaret,
582 3528 634 3594 sol
663 3530 864 3614 integritate
892 3530 996 3594 solita
1025 3533 1229 3615 recuperata
1258 3529 1363 3614 pallo·

243 3639 315 3683 rem
345 3618 383 3682 in
412 3619 571 3683 ruborem
604 3617 648 3682 ad
683 3620 822 3684 modum
857 3620 987 3684 cruoris
1022 3620 1110 3686 bene
1144 3620 1243 3685 rubei
1278 3639 1363 3684 com-

209 3709 402 3785 pmutavit,
433 3711 469 3772 et
498 3711 576 3792 post
608 3707 788 3791 paululum
819 3729 881 3794 pro
911 3709 1036 3774 rubore
1064 3709 1260 3792 sanguineo
1292 3727 1363 3791 per-

245 3797 353 3860 sicum
377 3795 524 3862 colorem
549 3797 731 3880 sumpsit⁰,
755 3801 791 3862 et
814 3800 987 3881 postremo
1003 3798 1102 3861 illum
1120 3797 1268 3862 colorem
1292 3815 1363 3880 per·

246 3885 353 3950 sicum
381 3906 442 3970 pro
473 3884 586 3950 colore
618 3905 737 3950 croceo
761 3887 1001 3962 commutavit;
1031 3889 1067 3952 et
1090 3888 1183 3951 hunc
1206 3905 1364 3950 croceum

246 3972 393 4040 colorem
418 3995 496 4040 cum
519 3995 640 4059 parum
662 3975 842 4053 tenuisset,
860 3976 954 4040 visus
978 3980 1030 4040 est
1053 3975 1106 4039 sol
1128 3974 1297 4060 paulatim
1321 3974 1364 4037 ad

246 4062 439 4129 claritatem
463 4065 636 4149 propriam
660 4064 830 4128 devenire.

210 4307 268 4359 40⁸)
287 4308 318 4347 stc
331 4308 394 4356 mro
410 4309 497 4358 utto,
518 4308 571 4358 1.8;
593 4294 674 4358 ὴῖῃθη
688 4317 705 4349 c.
786 4307 808 4355 b)
829 4317 880 4346 eccs
895 4307 946 4350 add.
960 4307 983 4349 P.
1058 4306 1079 4358 c)
1099 4307 1156 4348 allus
1170 4318 1276 4358 cuper-m.
1290 4308 1364 4346 cedern

245 4371 312 4400 manu
326 4371 350 4411 a,
365 4363 421 4401 aem
435 4361 460 4410 P,
475 4361 512 4400 ubl
525 4361 561 4401 vlr
574 4383 601 4391 -
614 4365 700 4402 armato
710 4363 762 4410 port
776 4361 903 4403 contraris..
967 4359 991 4411 d)
1005 4361 1036 4402 ric
1048 4360 1082 4410 P,-
1096 4372 1137 4402 om.
1151 4372 1168 4404 c.
1233 4363 1254 4408 ο)
1270 4361 1367 4410 sumpsit

247 4434 273 4444 -
287 4415 395 4465 persicum
411 4425 452 4457 om.
466 4425 490 4464 a,
506 4416 565 4455 oculo
579 4417 663 4455 ruthae
677 4425 691 4453 a
700 4415 778 4464 priore
791 4415 887 4454 colorem
903 4415 933 4452 ad
946 4414 1039 4462 insertus
1052 4415 1175 4464 abevum,
1188 4415 1288 4464 sappus
1301 4425 1328 4453 cz
1340 4413 1366 4456 P.
