3136 4990
290 435 325 490 26
427 431 455 488 S.
468 430 583 485 PETRI
600 429 865 494 KRPHESFURT,
877 432 1111 488 AUOTARIUM
1128 431 1276 487 EKKEH.

204 621 281 670 ιαηῳ,
397 610 480 664 Anno
505 609 618 663 Domini
641 608 796 666 Dccvm.
840 605 944 664 (litarat
970 627 1019 664 rex
1047 610 1082 664 de
1108 609 1266 664 Brittannia
1290 609 1409 664 Romam

310 683 420 738 arrexit.

291 699 309 750 p
397 754 481 806 Anno
511 751 621 805 Domini
652 751 770 808 Dccxt
802 797 807 808 .
840 796 846 810 .
879 797 885 809 .
916 751 1051 822 Bippinus
1081 753 1169 806 maior
1199 753 1296 806 domus
1331 752 1410 822 regni

290 823 460 878 Francorum
479 823 601 892 perrexit
619 823 647 876 in
665 823 867 880 allemanniam.

397 896 480 948 Auno
508 894 619 948 Domini
645 893 796 951 noema
829 939 834 950 .
865 940 870 952 .
900 939 906 951 .
938 894 1066 949 Mortuus
1097 899 1139 949 est
1168 893 1331 949 Heribertus
1361 909 1433 950 rexa

291 966 546 1037 Langobardorum.

397 1041 480 1090 Anno
498 1036 609 1090 Domini
626 1035 789 1092 Dccxvlt
816 1079 848 1092 ..
869 1075 876 1090 .
894 1035 1015 1090 Karalus
1038 1037 1172 1106 pugnavit
1197 1041 1293 1090 contra
1316 1053 1410 1106 regem

291 1107 459 1163 Ratbodum.
487 1107 552 1178 [Gre
573 1107 646 1160 orius
658 1125 729 1176 papa
741 1107 972 1161 Lxxxvnnus
987 1107 1057 1162 sedit
1074 1109 1150 1160 annis
1163 1107 1258 1161 decem
1271 1108 1410 1177 migravit

190 1192 344 1249 s.p0m.que
362 1179 429 1233 Idus
447 1179 527 1234 Febr.
553 1127 614 1232 hic
632 1183 755 1232 sanctum
774 1178 948 1232 Bonifacium
967 1179 1105 1232 ordinavit
1122 1179 1289 1248 episcopum]
1308 1184 1344 1232 et
1361 1197 1412 1248 per

293 1268 368 1304 eum
399 1249 563 1305 Germaniae
593 1250 707 1304 verbnm
737 1249 832 1304 salutis
862 1250 1028 1320 predicavit3
1066 1253 1100 1303 et
1118 1251 1152 1303 in
1183 1250 1410 1319 quadragesimali
1421 1265 1447 1304 ιο

291 1327 416 1391 ternpore
447 1326 478 1375 ut
507 1321 542 1374 in
569 1321 605 1377 V.
634 1321 703 1374 feria
731 1321 863 1376 ieiunium
894 1325 976 1390 atque
1000 1321 1143 1390 missarum
1175 1321 1411 1376 celebrationes

291 1393 420 1460 fierent,
441 1393 513 1462 quod
532 1409 588 1445 non
606 1393 747 1460 agebatur,
771 1391 897 1448 instituit.
941 1391 1027 1446 llius
1051 1397 1217 1461 tempore
1240 1393 1411 1461 precepit

291 1465 448 1533 imperator,
476 1467 507 1516 ut
533 1463 561 1516 in
589 1457 666 1516 nulla
692 1463 824 1517 aecclesia
851 1463 938 1516 sancti
966 1463 1110 1518 cuiuslibet
1136 1463 1284 1518 haberetur
1311 1463 1410 1534 imago,

292 1553 394 1604 quam
412 1535 558 1588 iussionem
577 1533 729 1602 despiciens
746 1534 789 1587 vir
807 1535 888 1603 pins
906 1535 1011 1588 renuit
1028 1535 1152 1588 heresem
1171 1537 1236 1589 eius.

204 1619 281 1668 camp.
399 1607 479 1660 Anno
496 1604 649 1659 dominicae
668 1605 860 1660 incarnationis
872 1605 1040 1660 DOOXVII.
1060 1649 1066 1662 .
1087 1649 1093 1662 .
1113 1649 1119 1662 .
1139 1605 1259 1660 Karalus
1277 1606 1412 1676 pugnavit
1422 1620 1447 1660 aa

292 1683 387 1732 contra
405 1676 526 1730 Francos
543 1677 571 1730 in
590 1676 728 1731 dominica
746 1676 791 1730 die
810 1682 873 1730 ente
892 1677 1001 1746 pascha.

398 1749 481 1801 Anna
500 1747 652 1801 dominicae
664 1747 858 1802 incarnationis
869 1747 1064 1802 Dccxvm0.
1084 1791 1090 1803 .
1112 1791 1117 1803 .
1138 1792 1144 1802 .
1164 1747 1283 1802 Karalus
1296 1749 1412 1802 vastavit

292 1819 441 1874 Saxoniam
459 1820 541 1944 plaga
558 1836 666 1889 magna,

397 1890 481 1943 Anno
526 1889 610 1944 omini
628 1889 838 1944 DOGXVIIIP.
877 1888 984 1944 Occisio
1003 1889 1172 1943 Francorum
1198 1890 1233 1943 ad
1258 1889 1410 1945 Suessionis

293 1961 440 2017 civitatem.
1422 1981 1449 2019 aa

399 2035 482 2087 Anna
501 2031 613 2085 Domini
630 2031 768 2088 DOGXX.
804 2031 925 2086 Karalus
942 2033 1076 2101 pugnavit
1094 2037 1191 2087 contra
1209 2031 1340 2087 Saxones.

398 2104 483 2158 Anna
501 2103 613 2156 Domini
630 2102 808 2159 Dccxxw.
840 2103 943 2174 Magna
961 2103 1087 2157 fertilitas
1104 2103 1178 2157 facta
1196 2108 1244 2160 est.

399 2177 482 2229 Anno
500 2174 611 2228 Domini
629 2173 824 2230 DOOXXIIP.
844 2219 850 2230 .
870 2218 877 2230 .
897 2218 903 2229 .
922 2173 1042 2228 Karalus
1059 2173 1220 2229 infirmatur.

399 2247 482 2300 Anno
500 2245 611 2299 Domini
629 2244 804 2300 DCGXXW.
826 2289 831 2301 .
852 2289 858 2302 .
879 2289 884 2300 .
905 2245 1023 2298 Karalus
1041 2245 1163 2314 perrexit
1180 2245 1348 2314 Andagavis.

397 2317 481 2370 Anno
500 2316 612 2370 Domini
629 2315 836 2372 DGOXXVIF.
868 2315 1029 2384 [Gregorius
1046 2334 1118 2385 papa
1136 2316 1216 2370 XOU
1237 2315 1308 2370 sedit
1327 2333 1412 2370 annos
1422 2335 1448 2374 aa

191 2401 217 2444 a.
222 2405 283 2450 pant.
293 2387 368 2442 VIII
387 2387 554 2456 decessitque
572 2387 643 2442 IIII.
663 2386 727 2442 Kal.
746 2387 884 2458 Decemb.]
920 2386 988 2440 Hic
1013 2405 1055 2442 ex
1081 2388 1209 2441 concilio
1230 2386 1329 2442 XCIII
1355 2388 1412 2458 epi·

292 2476 463 2528 scoparum
482 2458 582 2511 lecta
602 2459 813 2527 constituit,
832 2463 870 2525 ut,
888 2458 910 2512 si
923 2459 982 2527 quis
995 2476 1133 2512 sacrarum
1146 2459 1297 2529 imaginum
1310 2458 1412 2512 Christi

292 2530 350 2584 vel
369 2530 426 2584 eius
445 2533 600 2583 sanctourm
620 2529 773 2584 destructor
791 2530 835 2583 vel
854 2530 1028 2598 blasphemas
1046 2530 1175 2599 extiterit,
1199 2530 1304 2584 unitate
1323 2531 1411 2584 tacius

205 2601 440 2664 eenamcenam
459 2601 495 2654 sit
512 2600 636 2655 extorris.
657 2645 662 2656 .
683 2645 688 2655 .
709 2640 716 2654 .
735 2599 852 2654 Sanctus
870 2600 1008 2670 Egbertus
1026 2601 1155 2672 migravit
1174 2601 1209 2654 ad
1228 2600 1374 2658 Christum.

400 2672 483 2726 Anna
501 2671 614 2724 Domini
631 2671 870 2727 DOOXXVIHF.
902 2671 1032 2725 Comatae
1051 2673 1146 2726 stellae
1164 2678 1338 2740 aparuerunt
1421 2691 1448 2732 aa

399 2743 484 2797 Anno
501 2743 613 2797 Domini
634 2741 825 2798 DCGXXXP.
852 2785 859 2798 .
885 2785 892 2800 .
920 2786 926 2798 .
953 2743 1039 2812 [Bada
1057 2743 1230 2798 Venerabilis
1255 2744 1411 2812 Anglarum

293 2815 444 2939 {resbgterl
468 2814 569 2867 nobilis
591 2819 619 2868 et
637 2814 774 2883 preclarus
798 2814 909 2868 doctor¹
930 2813 1024 2884 [obiitl.
1064 2815 1184 2869 Karalus
1204 2816 1321 2868 vastavit
1340 2817 1412 2869 ultra

294 2903 483 3083 Sammo
510 2956 620 3010 nomini
647 2955 852 3011 acoxxmr.
885 2999 891 3012 .
925 3000 931 3011 .
965 3000 971 3011 .
1003 2955 1122 3010 Karalus
1152 2957 1286 3027 pugnavit
1316 2961 1413 3011 cenea

314 3045 466 3082 arracanas.
1422 3047 1449 3087 aa

400 3099 483 3152 Anno
501 3099 613 3152 Domini
631 3096 854 3154 DOOXXXIIP.
874 3138 881 3153 .
901 3141 907 3154 .
928 3141 934 3154 .
954 3097 1078 3168 Eclypsis
1097 3099 1170 3154 facta
1189 3104 1229 3154 est
1247 3101 1318 3155 solis.

403 3172 496 3240 [Auno
526 3169 638 3223 Domini
668 3169 871 3224 DOOXXXV0.
921 3169 1067 3223 Zacharias
1104 3189 1175 3240 papa
1204 3169 1301 3225 xclus
1340 3171 1412 3224 sedit

192 3258 380 3307 naamannos
401 3240 522 3312 XVHI].
548 3284 555 3296 .
577 3283 608 3296 ..
635 3239 703 3294 Hic
723 3258 797 3294 cum
823 3257 891 3294 nou
917 3246 1012 3294 esset
1038 3241 1072 3294 iu
1091 3241 1187 3297 Urbe
1212 3241 1252 3295 ad
1278 3241 1411 3296 festum

295 3313 562 3383 apostolorum,
581 3329 704 3366 reversus
723 3311 813 3364 denuo
832 3311 859 3365 iu
879 3311 984 3365 Urbem
1003 3313 1092 3366 natale
1112 3330 1234 3367 eorum
1253 3313 1410 3372 celebrarit¹

205 3401 283 3450 camp.
401 3385 484 3438 Anno
502 3383 615 3437 Domini
632 3381 851 3438 DGGXXXVF.
888 3381 1006 3436 Inicium
1025 3383 1220 3438 Herveldensis
1245 3385 1449 3440 manasteriiso

400 3456 483 3581 AnGno
502 3454 612 3508 Domini
630 3452 882 3508 DOOXXXVHF.
914 3453 1034 3508 Karalus
1051 3457 1185 3525 pugnavit
1204 3461 1298 3509 contra
1317 3455 1411 3510 Sarra-

294 3544 375 3582 cenos
394 3527 422 3579 in
467 3526 550 3581 othia.

401 3599 492 3667 [Anno
510 3596 621 3650 Domini
638 3593 782 3651 eccm
813 3593 932 3650 Karalus
950 3595 1098 3650 Saxoniam
1117 3598 1210 3667 intrat]
1229 3605 1257 3651 et
1276 3597 1350 3651 facit
1367 3613 1412 3651 eos

293 3669 476 3724 tributarias².

400 3741 483 3793 Anno
501 3739 612 3793 Domini
629 3737 789 3793 Dccxw.
810 3782 816 3793 .
837 3781 842 3794 .
864 3777 870 3790 .
889 3737 1008 3791 Inicium
1027 3738 1186 3792 Altahensis
1204 3741 1370 3794 manasterii.
1420 3757 1447 3795 so

400 3812 482 3864 Anno
510 3810 621 3863 Domini
648 3808 824 3866 DOGXLIP.
856 3853 862 3864 .
892 3853 898 3864 .
928 3852 933 3865 .
962 3808 1082 3862 Karalus
1108 3809 1227 3880 Magnus
1254 3814 1334 3864 natus
1362 3815 1411 3866 est.

157 3897 437 3991 3⁰110W-,synodalia
468 3903 617 3952 conventus
651 3897 787 3953 habetur
817 3897 1000 3952 Karlamanni
1037 3889 1072 3951 eh
1107 3887 1246 3971 Pippini
1281 3904 1411 3968 precepto

179 3951 433 4040 ⁰'''¹'⁸‘'sanctique
451 3969 589 4022 Bonifacii
608 3970 730 4036 consilia,
750 3969 811 4023 ubi
830 3969 917 4038 multi,
943 3968 991 4037 qui
1009 3970 1132 4038 capitalis
1158 3969 1279 4024 criminis
1304 3972 1412 4024 macula

293 4041 427 4096 diffamati
458 4040 581 4109 fuerant,
619 4039 841 4109 deponebantur;
881 4041 980 4093 inter
1009 4058 1098 4109 quos
1128 4042 1271 4111 episcopus
1301 4042 1412 4095 nomine

292 4202 497 4269 monacharum,
517 4199 591 4267 quod
604 4197 685 4253 simili
696 4199 779 4253 mado
793 4201 931 4254 construxi
944 4201 972 4252 in
982 4200 1157 4270 Wizanburg.
1187 4203 1263 4267 Quod
1278 4209 1412 4255 auctorem
1420 4218 1447 4258 oa

293 4278 322 4326 in
341 4281 424 4326 mente
438 4273 562 4324 habuisse
575 4277 648 4339 pasto.
679 4271 713 4322 Ia
729 4271 909 4324 additamenta
924 4273 979 4326 cod.
996 4273 1050 4327 Ba
1068 4274 1105 4324 ad
1121 4273 1262 4326 Granicum
1278 4275 1412 4327 Minorem

292 4363 326 4399 ex
344 4347 391 4398 hoc
410 4345 462 4397 loca
478 4349 582 4410 sumpta
599 4343 697 4408 lenitur
713 4343 760 4397 SS.
774 4343 882 4408 XXIV,
896 4360 926 4409 p.
942 4346 1001 4410 179,
1020 4344 1077 4398 aa*
1096 4352 1119 4396 at
1131 4347 1224 4410 infra:
1241 4343 1412 4415 Sclsenburg

292 4415 328 4469 in
347 4415 505 4469 Alsacia.
562 4417 588 4481 1)
607 4413 749 4480 Lampmd
767 4429 792 4467 a.
806 4416 866 4469 736.
921 4414 949 4482 2)
967 4415 1062 4483 Mmp.
1080 4416 1143 4467 hacc
1157 4415 1195 4469 ad
1210 4432 1235 4472 a.
1249 4418 1310 4472 739.
1326 4417 1410 4471 hebd.
