3182 4996
206 1531 492 1620 CHRONIOI
522 1532 798 1619 SAXONIOI
832 1531 1234 1620 CONTINUATIO

303 1667 702 1780 (THURINGICA)
732 1667 1143 1754 ERFORDENSIS.

270 1843 353 1923 Non
390 1857 497 1936 facere
528 1877 672 1938 nossem,
708 1856 787 1938 quin
821 1855 1087 1922 continuationem
1127 1857 1282 1924 Chroniei

162 1945 318 2012 Sauonici
341 1968 371 2011 a.
391 1950 618 2011 1227-1353.
644 1967 665 2010 a
684 1943 854 2010 lucdowico
872 1944 1025 2011 Weiiand
1047 1946 1122 2010 oiim
1145 1946 1281 2012 editam1

129 2044 190 2101 oet
212 2037 253 2102 ab
276 2055 311 2100 eo
330 2034 564 2118 Thurinyieam
587 2033 704 2099 dictam
726 2033 811 2098 inter
829 2034 905 2098 tcaec
927 2041 1128 2100 monumenta
1144 2036 1281 2118 Erpties·

159 2123 321 2204 furtercsia
355 2130 507 2206 repetam,
538 2121 682 2204 quamius
710 2122 816 2188 maior
849 2122 917 2187 eius
944 2142 1026 2203 pars
1060 2123 1180 2189 nsdlias
1213 2125 1281 2204 sere

161 2211 309 2278 sumsisti
332 2211 374 2278 sit
396 2233 503 2278 rerum
523 2217 683 2295 nostorum
704 2210 862 2296 scriptori.
898 2211 984 2276 Eam
1006 2211 1091 2276 enim
1109 2215 1281 2294 aquodam

162 2301 358 2381 Eusordensi
386 2300 538 2383 scriptam
568 2321 633 2366 esse
655 2299 753 2378 facile
775 2307 820 2364 cst
842 2299 976 2382 counita,
1005 2323 1044 2365 ac
1066 2301 1175 2384 miror,
1199 2304 1283 2384 quod

156 2391 285 2472 primus
299 2389 409 2472 editor,
432 2389 485 2454 oir
499 2389 609 2472 optimi
623 2388 737 2470 meriti,
762 2389 819 2454 icoc
837 2409 901 2454 non
917 2390 1124 2472 perspexerit.
1160 2391 1282 2456 Auctor

118 2501 142 2538 ιο
161 2479 256 2562 enim,
279 2486 315 2544 ut
342 2479 503 2545 Oicroreico
524 2477 702 2543 universati
729 2477 921 2544 Germanico
947 2478 1060 2562 linaria
1087 2479 1282 2547 Germanica

162 2567 337 2650 eorsscripto
367 2567 634 2633 continuationem
662 2566 876 2648 ardinnaeret,
901 2575 1046 2650 exempta
1076 2570 1183 2652 ampla
1208 2569 1282 2636 Gro-

160 2657 254 2722 'nicae
278 2658 312 2722 S.
333 2656 422 2722 Petri
445 2655 657 2736 Ersordensis
684 2657 854 2721 modernae
883 2656 920 2722 in
943 2655 1087 2740 linanam
1114 2657 1281 2724 Germani·

161 2767 231 2810 cam
253 2746 354 2828 uertit,
378 2745 415 2810 in
437 2745 551 2827 quibus
573 2743 739 2826 aliquoties
761 2745 916 2826 quaedam
945 2745 1080 2828 addidit,
1108 2768 1147 2812 eu
1168 2747 1282 2830 acribus

161 2857 231 2899 erem
247 2834 426 2914 Erfordiao
448 2833 566 2899 uicisse
588 2839 730 2915 apparet.
773 2833 838 2898 Sub
867 2857 897 2899 a.
925 2839 1022 2898 1232.
1054 2836 1139 2900 enim
1160 2837 1281 2916 fratres

127 2947 151 2986 a
161 2923 310 2989 Minores
324 2923 400 2988 otim
414 2929 505 2990 outre
521 2929 650 3005 portam
665 2922 896 3001 Erfordensem
915 2923 1032 2987 dictam
1048 2925 1282 3006 Krampsentor

161 3011 313 3078 resedisse
335 3011 509 3094 aduolauit,
539 3033 569 3075 a.
597 3016 692 3075 1283.
723 3011 878 3092 quaedam
907 3012 946 3076 de
968 3012 1106 3078 Votrado
1135 3013 1281 3078 seditioso

161 3101 323 3180 Erfordia
345 3101 473 3182 expulso
495 3099 629 3182 addidit,
653 3121 683 3164 a.
701 3105 794 3164 1290.
819 3099 960 3164 comitem
981 3100 1124 3166 iuirenem
1140 3103 1178 3166 de
1194 3102 1281 3166 Kar·

163 3191 374 3272 eeneiteboyen
397 3189 576 3268 Ersordiae
604 3194 761 3254 nrortunm
792 3188 829 3252 in
858 3188 988 3253 ecclesia
1010 3189 1151 3268 fratrum
1173 3189 1281 3254 Mino·

163 3299 235 3343 ram
257 3279 410 3360 seruitum
433 3299 498 3343 esse
521 3276 680 3358 adiunxit,
703 3276 741 3342 in
764 3276 894 3342 ecclesia
910 3276 1110 3343 Saccitarum
1133 3299 1163 3343 a.
1185 3283 1278 3343 1291.

126 3368 320 3432 ncoaobnsta
342 3387 398 3432 suo
421 3373 555 3450 nemore
572 3386 677 3432 seruos
696 3366 728 3431 S.
743 3364 877 3431 Mariae
899 3365 1039 3432 residere
1061 3366 1191 3433 notant.
1227 3368 1282 3432 Eu

162 3456 213 3520 tis
235 3455 302 3520 iam
318 3462 409 3538 patet
430 3456 511 3521 locos
534 3462 562 3520 et
584 3455 730 3520 scensas
751 3453 842 3519 urbis
865 3454 1078 3533 Erfordensis
1106 3477 1176 3520 eum
1205 3458 1281 3522 bene

162 3544 294 3626 oravisse,
325 3545 409 3627 qiud
441 3543 612 3610 certissime
645 3543 842 3626 cosnoscitur
872 3565 901 3608 a.
930 3550 1024 3625 1309,
1054 3545 1109 3608 ubi
1144 3544 1282 3611 Oronica

163 3635 196 3698 S.
215 3633 305 3698 Petri
328 3633 483 3713 referente
498 3632 580 3698 eires
595 3632 810 3711 Ersordenses
824 3632 988 3698 moneatis
1002 3633 1128 3698 Montis
1144 3635 1178 3700 S.
1192 3633 1282 3699 Petri

162 3723 343 3788 introitum
368 3726 404 3788 et
422 3723 552 3790 exitum
576 3723 727 3786 civitatis
751 3743 889 3803 incasso,
913 3721 981 3803 ipse
1003 3721 1087 3787 etms
1109 3722 1191 3788 eines
1207 3744 1280 3805 por·

127 3818 227 3876 atam
250 3811 368 3876 dictam
384 3811 578 3877 Laumentor
599 3809 760 3891 tamdibus
782 3809 979 3892 conclusisse,
999 3833 1059 3893 per
1080 3833 1176 3893 auam
1199 3811 1281 3877 iide-

162 3899 234 3964 Iicet
262 3921 301 3965 oa·
322 3901 398 3965 urin
426 3903 471 3966 ad
493 3899 636 3964 Montem
660 3899 693 3963 S.
711 3897 801 3963 Petri
823 3898 940 3964 ibatur.
991 3899 1054 3981 Qui
1083 3908 1193 3966 auctor
1215 3900 1280 3983 qui·

162 3989 231 4053 dem
246 3989 374 4070 studuit,
399 3997 434 4054 nt
448 3987 590 4053 chroesici
604 3986 799 4052 universalis
814 3987 1081 4054 continuationem
1096 4010 1282 4072 componens

157 4084 287 4158 praeter
313 4078 516 4160 Ttuerinoica
545 4098 583 4142 ea
612 4075 763 4158 reciperet
793 4095 873 4157 oscae
903 4079 943 4142 ab
972 4077 1229 4161 imperatoribus,
1259 4101 1281 4144 a

152 4166 296 4248 areima,
328 4189 349 4232 a
371 4165 587 4250 pontificibus,
617 4165 655 4229 in
683 4165 784 4229 Terra
814 4165 936 4230 Sancta
962 4173 1051 4249 aesta
1080 4167 1116 4232 in
1143 4167 1281 4234 Oronica

126 4257 196 4325 soS.
215 4255 305 4320 Petri
328 4257 544 4335 tradebantur,
568 4256 624 4319 sed
642 4253 799 4334 permuda
821 4254 917 4318 etiam
940 4255 1158 4335 Erfordensia
1180 4257 1279 4341 eiecit,

163 4450 190 4514 1)
206 4447 344 4500 ‘Deutsctre
362 4448 533 4500 Chronitcen'
553 4447 591 4516 II,
618 4467 646 4517 p.
665 4447 823 4500 287-319.
