3188 4990
248 479 301 532 348
338 474 505 531 ORONIGA
517 476 546 531 S.
556 475 671 531 PETRI
684 475 944 532 ERFORDENSIS
957 476 1047 534 Mol).
1067 477 1103 532 A.
1115 481 1191 536 1818.
1203 483 1279 536 1319.

160 665 237 718 1318.
248 659 394 723 necavit.
441 659 509 738 Qui
533 662 625 744 opud
644 659 903 726 Predicubores1
927 662 1094 726 secrecius
1118 665 1171 727 est
1193 662 1361 746 sepultus.

248 747 378 812 Eodem
409 769 499 812 enno
529 750 666 813 edificia
695 749 731 812 in
760 749 882 813 maiori
911 751 1000 813 turri
1029 751 1066 814 in
1090 750 1254 835 Wsrperc
1288 753 1362 815 ictu

246 836 402 901 fulminis
426 842 508 902 sunt
530 838 700 903 incensed

160 933 236 985 1319.
353 927 455 990 Anno
479 927 620 991 Domini
642 925 867 991 MOOOXIX.
914 927 1108 992 Fridericus
1137 929 1290 993 marchio
1314 949 1362 993 re

149 1035 176 1084 η.
185 1037 237 1081 217⁶.
247 1015 421 1080 edificavit
445 1015 587 1079 'turrim
613 1016 809 1081 incensuma
836 1017 873 1079 in
898 1011 1083 1101 Wcrpercb
1111 1021 1147 1082 ot
1169 1019 1394 1086 construxits

246 1123 409 1186 magnum
433 1105 621 1169 estuarium
644 1105 782 1179 ibidem,
806 1106 958 1189 fecitque
974 1107 1101 1171 adduci
1124 1127 1165 1171 ex
1187 1107 1363 1191 provincia

246 1192 484 1272 Missenensi⁰,
501 1189 692 1259 Orientali‘¹
713 1198 749 1259 et
764 1193 974 1258 Plisenensi⁰
994 1196 1032 1258 in
1045 1189 1232 1280 Wurpercb
1252 1195 1363 1260 muita

246 1282 400 1365 pondero
429 1284 565 1366 argenti
595 1277 693 1346 cums
721 1283 877 1347 curribus
910 1285 1070 1349 oneratis.
1117 1284 1246 1350 Eodem
1271 1305 1362 1349 enno

246 1370 344 1435 dedit
368 1371 475 1434 filiam
498 1391 595 1435 suam
618 1371 796 1437 Elizabecss
822 1372 987 1437 Heinrico
1017 1373 1089 1438 filio
1113 1371 1252 1437 Ottonis
1275 1373 1362 1437 lant·

246 1460 355 1542 gravii
379 1459 513 1536 Hessie,
537 1461 663 1542 qusm³
684 1466 861 1545 receperat
887 1461 1031 1526 consilio
1061 1467 1097 1526 et
1120 1462 1249 1527 auxilio
1271 1483 1399 1539 reve-10

245 1548 344 1614 rendi
368 1548 498 1612 domini
514 1544 728 1613 Burchardih
748 1551 996 1635 archiepiscopi
1019 1545 1360 1635 Magdeburgensisf.

246 1637 314 1702 Hic
345 1638 525 1722 episeopus
556 1643 630 1702 erat
659 1639 769 1704 frater
799 1639 925 1703 nobilis
947 1640 1013 1703 viri
1042 1641 1085 1704 de
1109 1635 1299 1724 ercphelsk
1325 1644 1362 1705 et

246 1727 332 1792 mire
355 1727 550 1810 parcitatis;
575 1727 754 1792 ecclesium
778 1732 895 1793 tamen
911 1749 1008 1792 suem
1031 1729 1067 1792 in
1084 1729 1242 1793 omnibus
1258 1750 1360 1812 qnan-

245 1821 321 1878 tum
351 1820 490 1900 poteret
519 1817 653 1891 ditavit,
686 1817 813 1880 multos
843 1817 1054 1882 municiones
1081 1817 1134 1881 illi
1157 1811 1353 1901 castraque¹

246 1909 282 1968 et
311 1906 439 1989 oppidu
468 1906 693 1989 procurando.
741 1905 808 1970 Sed
838 1926 904 1988 quo
934 1908 1131 1990 provenerit
1160 1906 1213 1970 illi
1245 1908 1399 1990 graciam

246 2015 307 2077 pro
343 1995 482 2074 meritis,
519 1995 575 2059 hic
610 2016 679 2059 non
712 2015 790 2059 reor
824 2015 897 2060 esse
931 1994 1112 2060 silendum.
1158 1995 1247 2059 Num
1284 2017 1361 2060 enm

159 2085 235 2139 1314.
246 2083 336 2148 cives
360 2082 659 2159 Costri-Pallsdis,
685 2084 720 2148 id
744 2087 797 2148 est
820 2083 1062 2167 merseburgen
1087 2084 1215 2148 multas
1238 2084 1292 2148 illi
1313 2085 1361 2148 in·

246 2172 350 2236 sidias
373 2173 558 2238 tenderent
581 2176 617 2250 et
639 2172 759 2237 multis
784 2193 861 2238 enm
884 2173 1020 2236 iniuriis
1044 2173 1277 2250 lacessirentn,
1301 2173 1362 2238 ilie

244 2261 356 2325 fretus
388 2261 454 2326 Dei
489 2261 626 2335 auxilio,
658 2262 860 2326 coadunatis
894 2261 1014 2325 multis
1049 2263 1247 2339 auxiliariis,
1284 2284 1363 2327 cum

247 2351 421 2415 Friderico
459 2351 658 2415 marchione
696 2351 806 2436 ipsum
849 2351 1023 2416 civitatem
1062 2351 1212 2428 obsedit,
1252 2351 1400 2415 multem

247 2440 397 2524 dampna
421 2439 553 2504 civibus
576 2439 757 2504 inferendo
766 2439 789 2501 ⁴.
820 2439 986 2504 Videntes
1003 2443 1121 2504 antem
1144 2461 1180 2504 se
1203 2442 1362 2506 resistere

245 2549 316 2592 non
339 2547 448 2612 posse,
472 2549 613 2592 monum
636 2528 808 2593 dederunt
832 2531 867 2593 et
890 2528 1090 2612 homagium
1112 2529 1226 2594 faeere
1251 2529 1363 2594 eidem

247 2617 404 2681 debitum
427 2621 509 2681 sunt
525 2618 646 2681 coacti.
686 2617 782 2682 Unde
805 2618 889 2682 felle
909 2618 1168 2682 amaritudinis⁰
1189 2619 1361 2695 commoti,

246 2725 348 2789 quem
371 2725 533 2790 superare
556 2727 627 2770 non
651 2710 811 2790 poterent
834 2707 1027 2778 manifeste,
1057 2707 1136 2771 doio
1161 2707 1362 2791 aggrediun-

246 2799 313 2868 tur,
344 2794 525 2879 ipsumque
555 2796 713 2879 precibus
744 2798 780 2860 et
809 2795 1090 2879 promissionibus
1118 2795 1290 2860 invisente
1318 2795 1400 2859 edes

160 2886 237 2938 1325.
248 2885 433 2948 civitatem.
470 2885 779 2969 Archiepiscopusq
807 2883 1028 2948 Burchurdus
1053 2885 1101 2948 sic
1123 2885 1302 2949 venenosis
1326 2887 1362 2949 et

248 2973 420 3037 diabolico
447 2973 570 3039 froude
602 2973 789 3038 dulcoratis
820 2973 979 3058 precibus
1018 2972 1237 3057 acquiescens
1267 2973 1363 3038 venit

119 3063 284 3130 (carnin
306 3063 516 3142 Meideburc,
541 3063 602 3127 ubi
631 3063 741 3148 primo
772 3083 792 3126 a
822 3062 963 3140 civibus,
988 3062 1113 3126 deinde
1141 3062 1285 3139 sciero,
1310 3081 1362 3126 ex·

247 3152 328 3216 inde
353 3151 396 3216 ab
420 3153 514 3217 omni
537 3151 665 3237 populo
690 3173 768 3216 cum
798 3151 956 3215 crucibus
979 3154 1016 3215 et
1040 3150 1192 3215 candelis
1215 3151 1362 3215 ardenti·

247 3241 312 3306 bus
328 3244 364 3305 et
387 3245 583 3306 sanctorum
607 3240 762 3324 reliquiis
786 3244 822 3304 et
838 3244 943 3304 contu
966 3239 1209 3323 gloriosissime
1226 3243 1279 3304 est
1294 3255 1400 3303 sus-co

248 3334 369 3415 ceptus
393 3334 529 3396 etcum
553 3351 679 3414 magns
701 3329 818 3394 leticia
845 3328 889 3393 ed
913 3349 1080 3392 summum
1104 3328 1359 3394 cathedralem¹

123 3419 427 3489 (acurecclesiam
444 3423 497 3485 est
513 3419 692 3484 deductus.
730 3418 874 3482 Postero
890 3417 946 3482 die
969 3417 1128 3482 omnibus
1152 3418 1222 3482 suis
1245 3418 1363 3482 amicis

247 3647 293 3700 sis
307 3647 399 3687 iuimins
414 3647 456 3686 inc.
472 3646 497 3688 Ε.
565 3643 588 3697 b)
602 3645 723 3695 Wurrporss
737 3645 762 3687 Ε.
825 3644 846 3695 c)
860 3643 1004 3685 misnensis.
1071 3643 1094 3691 d)
1107 3655 1149 3684 om.
1165 3643 1191 3687 Ε.
1253 3641 1275 3693 e)
1288 3644 1319 3682 cic
1333 3643 1364 3690 B,-

248 3702 381 3752 piiszensnsi
395 3703 414 3742 1.
468 3699 485 3749 i)
499 3702 522 3739 et
536 3699 560 3740 Ε.
611 3697 633 3748 ς)
648 3698 766 3739 Elisabeth
781 3697 806 3741 Ε.
847 3697 870 3747 h)
884 3691 996 3736 suthardi
1009 3697 1035 3740 Ε.
1075 3697 1092 3744 1)
1106 3695 1292 3746 magdeburgensi
1306 3698 1323 3738 1.
1337 3696 1363 3739 Ε.

247 3755 272 3805 ii)
286 3753 442 3804 Schrepisiis'.
503 3753 519 3804 i)
534 3752 573 3792 1112
586 3759 659 3792 casira
673 3753 699 3794 E.
761 3751 836 3800 m)eic
850 3753 868 3793 1.
882 3751 913 3792 8¹.
927 3751 981 3800 1223
1002 3748 1197 3800 Medobrigenses
1210 3749 1251 3802 ὓς
1274 3747 1401 3799 itudo-85

247 3809 304 3856 burg
317 3809 343 3850 Ε.
396 3809 420 3854 n)
432 3808 464 3846 eie
477 3808 497 3846 1.
512 3806 538 3848 s.
592 3805 745 3854 onomata.
759 3805 785 3848 Ii.
839 3803 862 3853 p)
876 3804 1163 3847 inciuinvitneruntss.
1216 3803 1240 3854 q)
1254 3803 1324 3842 Arch.
1339 3823 1364 3832 -

248 3860 330 3901 dicitur
342 3863 375 3911 (p.
390 3861 437 3911 319,
452 3860 466 3902 l.
480 3861 504 3911 ii)
518 3871 560 3904 om.
574 3859 600 3903 Ε.
653 3858 673 3910 r)
687 3858 838 3898 chetedrslsm
854 3859 872 3900 1.

247 4040 326 4106 (ΡΜ.
352 4056 373 4093 c.
392 4041 440 4100 88)
465 4039 532 4090 taluc
556 4038 634 4090 who
660 4036 754 4100 tradit,
778 4034 827 4086 ubi
850 4035 894 4087 bio
913 4035 990 4088 miles
1006 4041 1116 4088 vocatur
1133 4033 1258 4087 Accius
1277 4033 1363 4100 Kout,

247 4111 420 4164 conciliarius
438 4110 611 4174 marchiones,
629 4111 678 4175 qui
694 4111 724 4159 in
739 4107 883 4174 medis
899 4108 983 4159 oanis
1001 4109 1058 4158 ciue
1075 4109 1198 4159 commi.
1266 4107 1292 4173 1)
1311 4104 1366 4158 Ioc-

247 4197 377 4248 nmae,
398 4187 428 4232 ut
447 4181 525 4234 Oron.
548 4179 631 4233 Timr.
651 4179 752 4232 lemae.
771 4177 855 4232 haba.
945 4177 973 4244 2)
994 4177 1036 4242 Of.
1056 4177 1135 4231 Cron.
1159 4177 1245 4231 Tium
1264 4177 1402 4232 Imaum

247 4252 327 4320 ampl.
347 4259 371 4305 ot
389 4253 461 4306 Hic.
481 4251 588 4317 laudor.
602 4251 715 4304 Eocord.
734 4266 755 4304 c.
768 4251 830 4304 454.
885 4251 913 4316 8)
931 4249 1125 4317 Ιὶιεροηοαιαω
1142 4249 1240 4302 scilt'cet
1261 4247 1366 4300 Albam

247 4326 337 4378 cornici
351 4325 383 4376 de
394 4322 514 4384 Anhalu·
532 4337 617 4390 cupra
632 4337 662 4388 p.
675 4324 727 4377 343
736 4335 785 4388 cp„
805 4335 830 4376 a.
842 4323 919 4376 1313.
973 4322 1001 4386 4)
1015 4319 1090 4383 Quod
1102 4325 1232 4374 omumno
1248 4336 1275 4373 o.
1287 4320 1365 4374 1314.

247 4397 349 4461 fuctum
377 4401 431 4457 cst·
462 4395 542 4446 cesta
569 4392 686 4460 archiep.
710 4392 818 4458 napa„
847 4391 894 4445 88.
918 4389 997 4456 XIV,
1023 4407 1050 4458 p.
1074 4393 1127 4447 428
1148 4407 1205 4458 sq.,·
1235 4389 1365 4457 ‘Mapdcb

248 4467 450 4534 sooppmsr!
468 4466 507 4520 ed.
521 4463 636 4517 Janicko
651 4481 680 4532 p.
695 4466 745 4520 188
758 4479 797 4529 sq,
