3136 4990
223 455 424 511 ANNALES
445 456 474 510 S.
489 455 604 510 PETRI
623 456 996 513 ERPHESFURTENSES
1015 457 1187 527 ANTIQUI.
1261 461 1277 514 9

145 635 254 700 starum,
274 651 346 702 quos
368 651 404 687 ex
425 634 540 688 diversis
559 633 625 688 locis
644 651 750 687 summo
769 634 860 688 studio
882 635 1077 701 consciverant,
1104 638 1134 688 ut
1160 651 1277 688 canones
1287 625 1410 726 ΡῙΙὝΡἮ

148 705 271 758 sibinen
290 705 407 773 prorei
428 705 553 770 veritate,
579 705 628 758 sed
651 722 702 774 pro
721 704 841 773 episcopi
866 706 1007 759 voluntate
1031 677 1305 774 interpretarenturp
1333 680 1346 720 ⁴

153 781 178 829 et
194 793 305 830 causam
324 776 396 842 eius,
416 777 547 843 qnoniam
566 777 637 829 veris
656 793 712 829 non
729 780 865 844 poterant,
890 777 1049 844 sophysticis
1068 777 1277 845 allegationibus

153 847 320 902 roborarent
365 847 537 900 Assidebant
561 865 627 916 ergo
653 863 716 900 cum
741 863 805 916 rege
832 851 859 901 et
885 847 1051 916 archiepisco
1072 865 1087 900 ο
1113 847 1277 930 Mogontino

133 917 338 971 tHerimannus
360 917 607 1000 Babenbergensis
626 917 777 986 episcopus,
803 917 891 972 Hecel
915 868 1195 972 Hildenesheimensis
1221 919 1276 986 epi·

155 1005 257 1070 scopus,
283 987 368 1058 Eppo
395 988 539 1043 Giticansis
564 987 714 1057 episcopus,
740 988 836 1042 Benno
857 988 1094 1070 Osenbruggensis
1120 990 1276 1058 episcopus;

154 1059 198 1128 qui
221 1077 280 1113 non
307 1059 344 1112 ad
368 1059 569 1113 discutiendam
599 1059 675 1112 iuxta
699 1060 908 1114 aecclesiasticas
934 1061 1008 1130 leges
1034 1078 1143 1114 causam
1168 1059 1277 1114 fuerant

156 1131 273 1197 evocati,
298 1130 407 1184 sedt
374 1135 407 1184 ut
431 1131 459 1183 id
485 1131 559 1198 quod
583 1147 633 1184 rex
657 1131 766 1185 volebat
792 1135 850 1185 arte
875 1130 1003 1184 dictionis
1028 1136 1056 1185 et
1081 1131 1276 1185 sententiarum

156 1201 284 1270 pondere,
303 1205 445 1270 postremo
464 1217 572 1270 quaqua
590 1206 701 1269 possent
712 1203 819 1256 ratione
832 1205 861 1255 et
873 1202 986 1255 consilio
1000 1202 1164 1270 optinerent,
1184 1220 1277 1270 quarn-

124 1287 234 1340 roqnam
254 1273 381 1341 plerique
400 1289 495 1326 eorum
515 1271 543 1324 id
563 1273 635 1341 qnod
653 1289 701 1325 rex
723 1273 855 1326 moliebat
843 1277 888 1326 tur
912 1273 1183 1326 ιιιιιιιιιιιιιιιιιιιι’
1176 1289 1277 1341 impro-

155 1343 260 1399 barent.
297 1343 354 1397 Sed
373 1361 408 1396 nc
427 1343 514 1397 libere
531 1343 623 1425 quod
624 1343 777 1397 sentiebant
795 1344 997 1412 eloquerentur,
1023 1349 1052 1397 et
1075 1343 1148 1414 regis
1173 1348 1277 1397 terrore

156 1421 183 1467 et
200 1414 309 1483 privata
327 1414 525 1482 archiepiscopi
544 1413 666 1468 amicicia
684 1414 886 1469 inhibebantur.
923 1385 1053 1469 Habebat
1078 1419 1204 1484 preterea
1229 1431 1277 1468 rex

156 1486 226 1538 ιιιιι
250 1503 281 1538 se
306 1490 475 1538 armatorum
501 1485 594 1553 copias
620 1503 676 1538 non
703 1485 838 1553 modicas,
867 1486 966 1552 quibus
994 1503 1054 1552 eos,
1082 1487 1105 1538 si
1132 1487 1178 1554 qui
1206 1485 1277 1539 forte

156 1556 301 1624 negocium
321 1557 507 1610 interturbare
525 1560 697 1624 conarentur,
714 1556 830 1638 Ιιιιιιιιιιι
852 1574 936 1608 manu
956 1526 1120 1612 coherceret.
1159 1557 1276 1609 Thurin·

122 1641 251 1697 sagorum
271 1644 333 1696 spes
352 1633 380 1680 et
398 1627 498 1681 fiducia
517 1627 684 1695 potissimum
712 1627 739 1680 in
759 1628 858 1681 abbate
877 1627 1008 1680 Fuldensi
1033 1633 1061 1681 et
1086 1628 1186 1681 abbate
1205 1626 1276 1681 Her·

157 1697 278 1751 veldensi
303 1699 450 1766 nitebatur,
476 1697 551 1765 quod
575 1698 604 1750 hi
630 1698 772 1751 aecclesias
798 1698 945 1752 decimales
971 1699 1102 1766 plurimas
1126 1703 1155 1752 et
1181 1698 1275 1766 predia

156 1768 262 1822 infinita
281 1768 416 1822 habereut
433 1769 461 1822 in
482 1768 640 1838 Thuringia,
660 1773 687 1822 et
676 1769 744 1821 thii
762 1769 784 1821 si
802 1769 852 1821 ina
868 1785 949 1822 causa
968 1769 1135 1835 cecidissent,
1154 1769 1205 1822 sibi
1222 1787 1277 1822 una

156 1839 309 1893 mdendum
333 1857 399 1896 esse.
436 1839 490 1908 Qui
515 1840 626 1908 publica
651 1838 815 1893 discussione
840 1839 1006 1908 interpellati
1030 1858 1081 1908 pro
1107 1840 1275 1894 decimarum

156 1911 311 1965 redditione
336 1911 427 1978 primo
452 1928 502 1978 per
526 1911 614 1964 Deum
640 1911 774 1978 rogabant
799 1911 1042 1980 archiepiscopum,
1071 1915 1101 1964 ut
1126 1911 1275 1992 antiquitus

119 1981 257 2035 ιοιιιιιιιιι
282 1981 455 2035 monasteriis
480 1981 535 2034 suis
560 1979 682 2050 legitima
706 1987 767 2035 rata
792 1981 1003 2050 inconvulsaque
1028 1999 1140 2035 manere
1165 1982 1274 2036 sineret

155 2070 224 2120 quae
243 2057 272 2105 et
290 2051 368 2106 sedes
387 2053 535 2120 apostolica
554 2056 582 2105 et
599 2052 736 2105 veteribus
755 2057 784 2106 et
801 2053 956 2107 recentibus
976 2054 1083 2135 scriptis
1102 2054 1197 2106 crebro
1225 2053 1275 2105 sibi

155 2121 298 2190 firmasset,
318 2129 346 2176 et
365 2139 533 2192 precessores
547 2122 604 2176 cius
616 2121 774 2192 Mogontini
786 2123 938 2192 pontifices,
958 2125 1057 2177 summi
1070 2141 1101 2177 ac
1114 2123 1275 2177 sanctissimi

155 2195 214 2262 riri,
233 2211 319 2262 usque
339 2193 374 2246 ad
394 2194 561 2264 Liupoldum
581 2194 739 2262 episcopum
757 2211 896 2262 nunquam
916 2193 1064 2265 infringere
1088 2199 1275 2262 temptassent.

154 2265 188 2319 Id
208 2265 294 2319 atroci
312 2281 443 2333 responso
463 2265 679 2334 archiepiscopus
698 2265 808 2333 repulit,
827 2265 929 2319 scilicet
947 2282 1115 2334 precessores
1141 2282 1203 2318 suos
1228 2283 1276 2318 sna

119 2350 144 2388 ιι
154 2341 243 2390 aetate
257 2353 308 2406 pro
327 2353 377 2388 suo
390 2337 524 2390 arbitratu
542 2336 687 2389 aecclesiae
699 2335 750 2389 Dei
768 2335 924 2390 moderatos
937 2335 1027 2402 luisse,
1046 2353 1146 2404 eosque
1162 2336 1275 2390 rudibus

155 2409 182 2460 in
202 2407 257 2460 tide
275 2407 447 2460 auditoribus
471 2413 499 2460 et
523 2424 592 2475 pene
617 2407 706 2460 adhuc
731 2407 866 2475 neophitis
892 2408 934 2460 lac
959 2376 1055 2476 potdm
1081 2407 1194 2474 dedisse,
1220 2425 1275 2460 non

154 2495 253 2543 escam,
273 2483 301 2530 et
319 2478 436 2547 sapienti
449 2477 649 2545 dispensatione
662 2479 750 2531 multa
762 2478 911 2540 indulsisse,
930 2479 1275 2548 quaprocessntemporis,

154 2549 262 2604 damin
275 2547 330 2601 lide
344 2549 552 2616 convaluissent,
563 2565 749 2602 successorum
762 2566 873 2602 suorum
885 2521 1018 2603 ιιιιιιιιιιιι
1031 2567 1147 2602 ιιιιιιιι
1141 2549 1274 2616 ἰθιιιιιι;

153 2639 185 2674 se
197 2627 290 2673 antem
305 2619 360 2672 iarn
373 2619 451 2673 adult
439 2620 524 2673 tarel
536 2620 627 2688 potius
639 2636 767 2673 senescen
769 2624 797 2673 te
769 2620 941 2674 taccclesia
953 2621 1032 2690 spirit
1013 2621 1106 2673 'tuella
1118 2637 1275 2702 comparare

117 2691 352 2760 suspiritualibns,
370 2708 421 2743 nec
440 2691 495 2743 iam
513 2690 632 2758 parvulis
650 2692 700 2758 lac,
720 2690 767 2744 sed
786 2689 913 2759 perfectis
938 2691 1054 2744 solidum
1080 2691 1170 2744 eibum
1196 2691 1274 2743 mini·

152 2767 240 2815 strare
266 2765 352 2829 atque
377 2778 393 2814 a
416 2761 479 2813 filiis
504 2761 649 2816 aecclesiae
673 2731 748 2832 ldges
774 2762 986 2816 aecclesiasticas
1012 2763 1135 2832 exigere;
1161 2761 1275 2830 proinde

153 2849 212 2886 esse
232 2832 270 2886 eis
290 2837 339 2885 aut
364 2833 399 2886 ab
420 2833 524 2886 unitate
549 2832 695 2886 aecclesiae
720 2832 902 2886 secedendum
928 2837 975 2886 aut
1000 2833 1106 2902 legibus
1131 2833 1275 2886 aecclesiae

153 2903 357 2986 aequanimiter
379 2903 614 2971 adquiescendum
661 2903 733 2956 Tum
755 2903 797 2957 illi
820 2921 913 2956 rursus
936 2921 986 2972 per
1010 2903 1099 2957 Deum
1125 2920 1211 2970 orare,
1236 2909 1275 2970 ut,

153 2974 177 3028 ιι
195 2975 222 3028 in
237 2973 360 3028 Romani
371 2974 510 3056 pontificis
523 2975 691 3042 auctoritate,
712 2974 775 3027 siin
787 2973 885 3028 Karoli
898 2975 1067 3042 aliorumque
1080 2943 1275 3043 imperatdrnrd

116 3059 143 3098 aa
153 3045 314 3116 privilegiis,
333 3045 356 3098 ιι
374 3045 403 3098 in
421 3062 608 3127 precesscrum
622 3045 679 3098 eius
691 3044 918 3128 Mogontinorum
931 3045 1092 3114 pontificum
1105 3045 1276 3114 indulgentia

153 3117 239 3171 nichil
258 3117 310 3170 sibi
329 3115 440 3198 presidii
459 3120 507 3169 aut
524 3133 536 3168 s
556 3117 582 3170 ei
600 3117 735 3184 reliquum
754 3116 859 3184 esset,
851 3133 970 3186 ipsarum
989 3118 1086 3170 saltem
1109 3115 1276 3170 decimarum

154 3207 215 3242 cam
241 3187 301 3257 ipse
325 3187 501 3256 partitionem
547 3187 587 3240 eri
612 3187 728 3255 sineret,
760 3204 842 3254 quam
868 3192 896 3241 et
922 3205 1058 3241 canonum
1083 3188 1151 3240 scita
1178 3204 1275 3255 equam

155 3259 327 3325 indicassent,
342 3264 369 3311 ιι
381 3263 506 3311 οιιιιιιι
518 3275 568 3326 per
580 3258 674 3311 orbern
687 3228 823 3311 tei-rarum
837 3259 983 3312 aecclesiae
995 3259 1123 3312 usitatam
1136 3259 1276 3322 haberent,

154 3331 258 3382 scilicet
285 3334 317 3382 ιιι
341 3333 437 3396 quarta
461 3333 540 3398 parte
567 3329 625 3397 ipse
652 3345 702 3398 pro
728 3345 777 3382 suo
803 3347 967 3398 suorumque
994 3329 1138 3382 missorum
1167 3329 1276 3382 servitio

115 3415 145 3450 ιο
155 3405 309 3468 contentus,
328 3404 384 3452 tres
401 3399 520 3468 reliquas
537 3399 676 3468 portiones
695 3400 839 3468 aecclesiis,
852 3400 950 3468 quihus
962 3400 1111 3468 antiquitus
1123 3401 1276 3453 attitulatae

155 3471 279 3538 inissent,
299 3471 480 3539 permitteret.
517 3469 638 3524 Econtra
656 3471 798 3540 episcopus
821 3488 928 3525 norrea
950 3475 1042 3525 mente
1061 3488 1089 3525 se
1108 3471 1147 3524 ait
1169 3474 1276 3524 tantum

155 3543 278 3596 laborem
297 3541 403 3596 trivisse
422 3546 451 3595 et
469 3541 523 3594 iam
542 3559 592 3610 per
610 3541 704 3595 decern
723 3542 810 3596 ferme
826 3559 911 3596 annos
928 3542 1095 3596 laboriosum
1112 3542 1165 3594 hoc
1182 3559 1277 3595 saxum

154 3614 281 3679 volvere,
315 3617 345 3665 ut
373 3613 484 3666 ιιιιιιιιιι
510 3612 657 3680 aliquando
681 3613 738 3666 voti
764 3630 875 3682 compos
901 3613 1013 3667 effectos
1039 3613 1111 3666 ultro
1136 3613 1195 3667 iure
1227 3629 1277 3666 suo

155 3683 265 3738 cederet
285 3686 313 3736 et
336 3687 413 3736 tanto
438 3684 579 3737 molimine
605 3687 725 3738 extortas
751 3685 789 3737 eis
814 3684 965 3737 decimas'
958 3683 1023 3752 ipsis
1047 3701 1098 3751 pro
1124 3683 1203 3737 libitu
1228 3700 1277 3737 suo

117 3755 314 3837 &partiendas
333 3754 480 3808 addiceret
516 3752 626 3808 Primus
646 3772 677 3808 ac
695 3754 829 3808 secundus
848 3753 956 3808 diesb
948 3772 976 3807 ιιι
1000 3754 1052 3808 hac
1075 3754 1277 3808 concertatione

154 3843 207 3880 iarn
233 3825 369 3892 fluxerat,
396 3825 509 3894 ancipiti
534 3825 623 3879 adhuc
647 3826 774 3893 fortuna,
802 3829 865 3878 utra
890 3843 952 3894 pars
980 3825 1035 3878 utri
1062 3842 1170 3879 cesama
1197 3825 1276 3880 foret.

154 3896 231 3966 lamq
233 3914 270 3951 ue
295 3896 325 3949 in
351 3913 384 3950 eo
409 3913 453 3950 res
458 3845 644 3962 vertebatur,
670 3901 701 3948 ut
720 3866 853 3967 Thhringi
878 3896 1032 3978 improbata
1057 3896 1160 3978 synodo
1184 3896 1277 3950 sedern

153 3967 335 4023 anatolicam
363 3967 542 4037 appellarent.
588 3936 645 4021 Sed
674 3985 724 4022 rex
758 3968 808 4021 sub
836 3967 1009 4021 attestatione
1044 3967 1162 4021 nominis
1192 3967 1277 4020 divini

152 3985 312 4094 adunabat
340 4055 369 4092 ιι
395 4039 425 4091 in
453 4053 531 4105 enm,
559 4037 581 4090 si
609 4038 668 4106 quis
695 4037 724 4090 id
751 4037 974 4107 presumpsisset,
1001 4039 1112 4108 capitali
1143 4039 1278 4092 sententia

117 4109 410 4165 animadversurum
435 4114 464 4162 et
488 4107 580 4161 omnia
605 4125 676 4176 quae
702 4109 759 4162 eius
785 4114 874 4163 essent
900 4126 985 4177 usque
1010 4109 1045 4162 ad
1073 4109 1277 4163 internitionem

150 4181 358 4251 dissipatarum,
378 4179 540 4246 clademque
559 4179 616 4232 eius
635 4179 690 4232 diei
708 4180 802 4233 multis
821 4183 918 4248 postea
929 4181 1025 4234 seculis
1038 4197 1093 4233 non
1105 4179 1276 4234 abolendam.

150 4253 193 4308 lta
220 4255 307 4308 abbas
325 4249 545 4305 Ηιιιιιιιιιιιιιι
568 4267 680 4303 suorum
706 4251 828 4319 periculo
853 4250 1024 4319 conterritus,
1050 4250 1179 4318 quoniam
1204 4250 1279 4304 aliud

148 4451 169 4500 a)
182 4451 258 4490 ecdem
274 4458 346 4488 monn
359 4455 470 4496 ειῳιιιοι,
525 4444 548 4494 b)
562 4445 594 4485 oa
608 4457 657 4494 ser„
672 4445 765 4484 alicam
779 4445 820 4488 del.
874 4445 895 4495 c)
910 4443 1009 4485 Hernelt
1022 4457 1039 4488 c.
