3136 4990
259 457 445 513 ANNALES
463 455 655 513 ERPHORD.
673 455 862 513 FRATRUM
879 456 1219 514 PRAEDIGATORUM.
1270 461 1303 514 75

184 641 295 723 quibus
318 642 356 706 de
377 639 566 706 Christiano
588 639 722 704 relatum
745 646 798 717 est,
823 640 908 706 nibil
931 643 968 706 dc
990 642 1083 706 rebus
1098 639 1304 722 Moqnntinis

184 730 220 794 in
237 729 375 794 editione
391 728 570 795 Sobonnati
585 734 755 792 nonatum
776 729 948 794 inuenitur.
987 730 1066 795 Cum
1082 729 1182 810 iqitur
1195 729 1304 794 mullis

185 819 291 898 annis,
318 825 487 900 postquam
517 818 594 882 baec
624 817 799 900 exscripsit,
828 817 981 883 Gndenus
1008 840 1046 883 ea
1075 819 1186 899 ederet,
1217 818 1303 897 falso

186 907 334 989 opinatus
356 914 494 972 osteum
516 905 617 970 locum
636 912 808 972 extremum
822 906 923 986 fuisse
945 907 982 972 in
1004 906 1107 972 codice
1121 906 1304 971 Annalium

165 995 471 1077 oErplcordensium,
495 1015 584 1076 quern
606 994 674 1076 o'qose
689 1001 859 1060 octrumum
874 995 1091 1078 descn'pserat.
1124 995 1191 1060 His
1205 995 1304 1078 iqitnr

186 1085 315 1150 minime
331 1085 489 1166 probatur
510 1083 677 1148 editionem
694 1084 873 1150 Sobannoli
894 1105 932 1150 ex
955 1085 1020 1149 alio
1043 1083 1153 1165 codice,
1178 1105 1243 1149 non
1266 1105 1304 1149 eoo

187 1173 379 1255 Moquntino
402 1173 581 1256 profectam
611 1194 685 1237 osse.
731 1174 779 1238 Al
805 1195 871 1238 nno
900 1173 966 1238 loco
988 1195 1019 1238 a.
1041 1179 1135 1237 1237.
1159 1193 1197 1237 ea
1224 1194 1304 1254 qnae

192 1262 344 1328 Grcdenus
366 1269 396 1327 el
418 1263 585 1327 Sobannot
614 1261 782 1327 ediderunt
809 1261 858 1327 ita
886 1261 972 1327 inter
994 1283 1027 1328 se
1055 1261 1210 1339 differunt
1220 1263 1239 1341 ¹,
1270 1268 1305 1326 nt

188 1371 264 1416 sane
287 1349 425 1430 difficile
447 1349 565 1416 adduci
582 1350 697 1432 possis,
721 1357 757 1414 ut
779 1353 890 1416 credas
912 1351 989 1416 boec
1012 1372 1051 1416 en
1073 1352 1178 1416 eodem
1202 1350 1304 1416 codice

156 1439 345 1521 rodeseriplo
360 1461 434 1520 esse,
458 1439 583 1504 etiamsi
605 1439 785 1521 imperitiae
807 1439 930 1505 scribae
952 1447 981 1505 el
1003 1439 1151 1505 inncriae
1173 1438 1305 1504 editoris

187 1527 391 1594 incredibilia
426 1527 550 1592 tribuis.
603 1527 748 1610 Lonqins
782 1530 866 1593 bano
897 1529 1109 1609 quaestionem
1141 1527 1303 1609 spinosam

188 1617 331 1696 tractam,
362 1624 398 1682 nt
426 1617 521 1682 lector
545 1614 707 1698 inlelleqol
736 1638 802 1682 non
828 1616 925 1697 facile
955 1639 1019 1683 esse
1049 1617 1195 1699 diseretu,
1227 1618 1306 1698 qnid

187 1727 293 1770 verum
322 1705 374 1769 sit.
421 1705 580 1785 Attamen,
612 1706 642 1770 si
670 1727 719 1771 me
747 1705 932 1788 interroqot,
962 1707 1041 1789 qnid
1069 1727 1220 1788 censeam,
1250 1727 1304 1787 eqo

189 1794 408 1860 Sobannatum
431 1795 592 1875 exemplar·
614 1794 730 1859 codicis
752 1795 940 1877 Moqunlini
956 1796 1130 1878 pessimum
1153 1817 1192 1860 oc
1213 1796 1304 1860 nlnti-

157 1883 251 1948 nlum
273 1883 339 1964 ipen
363 1883 586 1948 transmissum
608 1883 745 1948 edidisse
768 1884 890 1965 opinor,

297 1970 325 2052 1)
349 1971 478 2054 siqnaei
494 1971 673 2037 Sobannati
688 1972 856 2038 editionem
875 1972 969 2037 totins
992 1973 1098 2054 libelli,
1122 1975 1304 2038 mendosam

188 2061 313 2142 quidem
336 2067 365 2126 el
387 2061 541 2126 mutilam.

295 2151 326 2233 2)
357 2149 485 2232 siqnaoi
512 2157 657 2231 excerpto
680 2149 893 2231 Moqunliooa
917 2171 938 2215 a
961 2150 997 2214 V.
1022 2150 1063 2213 F.
1087 2152 1125 2216 de
1152 2150 1305 2216 Gndenns

189 2237 209 2302 l.
225 2239 290 2319 ll,
309 2261 345 2320 p.
362 2244 559 2302 516-637.
575 2238 700 2320 nasum
716 2238 810 2320 edila,
826 2240 922 2303 mrcllo
937 2239 1154 2304 emendatiora
1169 2239 1302 2320 quidem,

152 2326 318 2392 sominime
351 2326 475 2392 mendis
507 2349 618 2392 nocua.
673 2329 913 2409 Nonnunquam
947 2327 1042 2392 etium
1072 2335 1092 2392 ·2
1123 2335 1304 2410 corruptam

189 2415 349 2480 lectioonem
373 2418 516 2498 macbet,
547 2415 603 2480 nbi
633 2423 648 2480 1
674 2437 782 2481 ueram
811 2423 987 2498 rectamque
1016 2417 1117 2482 babet.
1175 2417 1305 2482 Omnem

188 2505 315 2570 coriam
342 2503 503 2570 lectionem
524 2505 688 2586 utriusque
710 2505 859 2570 editionis
882 2505 1034 2570 adnotari
1050 2513 1182 2588 praeter
1205 2506 1304 2570 orlbo-

183 2592 342 2676 qrapbioa
364 2595 519 2675 quaedam
541 2593 709 2675 leuissima,
733 2601 769 2658 nt
790 2596 819 2658 ti
842 2594 1064 2659 aSoba-nnoto
1078 2595 1226 2676 posituim,
1249 2595 1304 2659 ubi

191 2683 345 2748 Gudenns
369 2683 400 2748 ci
422 2683 522 2764 habet,
546 2683 594 2746 cel
616 2705 656 2748 ae
679 2689 708 2747 el
730 2705 770 2748 oe
793 2705 814 2747 a
839 2683 1023 2748 Sobonnoto
1040 2704 1102 2764 pro
1125 2683 1262 2764 mutiplici
1285 2705 1303 2749 e

152 2772 348 2853 nomentum,
380 2772 427 2836 uel
448 2792 536 2836 uoces
566 2773 604 2836 ab
628 2772 800 2837 editoribus
822 2771 898 2837 inde
920 2792 942 2836 a
964 2773 1087 2838 soeculo
1113 2772 1215 2836 XVI.
1241 2793 1303 2837 eor·-

185 2867 308 2941 ruptas,
339 2867 375 2924 ut
404 2861 619 2946 eleemosyna
643 2881 706 2942 pro
736 2862 931 2934 elemosina,
963 2862 1073 2925 millis
1096 2882 1159 2942 pro
1191 2863 1302 2936 milia;

184 2947 222 3012 in
238 2949 359 3014 trilibres
377 2949 545 3014 editionem
564 2955 582 3012 2
607 2956 728 3014 seculus
751 2949 846 3013 etiarn
868 2948 913 3014 iis
936 2949 1021 3030 locis,
1045 2970 1122 3032 quos
1139 2951 1306 3015 Sobonnol

185 3039 271 3103 solus
287 3040 430 3119 praebet.

294 3127 360 3192 Sed
373 3126 493 3192 accedit
509 3125 646 3193 Orouion
663 3127 696 3193 S.
714 3126 805 3192 Petri
826 3129 987 3208 moderno,
1011 3149 1106 3209 qnam
1122 3128 1154 3192 P
1166 3126 1303 3209 siqnooi,

151 3217 230 3280 nod
250 3217 368 3280 mendo
393 3215 572 3280 Solionnati
596 3215 732 3280 tollenda
755 3215 948 3298 lacunasqne
970 3217 1150 3297 explendos,
1181 3215 1218 3280 in
1241 3237 1305 3296 qna

184 3303 270 3370 inter
293 3309 439 3369 a.1223.
463 3310 492 3369 et
517 3309 611 3369 1244.
642 3306 751 3382 lucello,
782 3305 868 3370 inter
891 3327 921 3369 a.
942 3311 1174 3369 1245—1253.
1197 3326 1305 3385 polteo

183 3391 397 3458 inueniuntur
420 3395 465 3458 od
486 3393 612 3458 uerbum
635 3415 705 3459 cnm
720 3393 771 3458 bis
786 3395 960 3459 annalibus
976 3393 1203 3474 conuenientia,
1221 3396 1304 3458 rende

183 3489 282 3547 antea
312 3481 369 3547 bos
399 3483 535 3547 annales
558 3484 598 3547 ab
622 3489 748 3547 anctore
776 3482 930 3548 Gronieae
955 3484 988 3547 S.
1013 3481 1104 3547 Petri
1135 3480 1305 3562 (secundae

176 3569 290 3652 portis
312 3570 432 3636 scilicet
455 3593 485 3635 o.
505 3573 743 3656 1209-1276)
768 3571 940 3652 exscriptos
962 3593 1027 3636 esse
1049 3569 1114 3634 oiri
1136 3571 1219 3636 docti
1238 3593 1304 3636 oen-

147 3661 329 3725 scebant&
377 3660 442 3725 Sed
464 3660 536 3724 inre
559 3659 705 3725 Karolns
727 3661 846 3726 Wencl·
875 3661 932 3725 boe
961 3659 998 3724 in
1021 3659 1151 3724 dubium
1180 3681 1305 3726 cocosse

180 3749 341 3814 oidelnr³.

181 3907 208 3972 1)
236 3905 295 3959 Ubi
321 3903 425 3958 duobus
455 3905 582 3958 columnis
602 3907 699 3974 positis
723 3922 790 3974 qnae
814 3911 922 3972 uterque
947 3905 1023 3958 habet
1048 3905 1126 3960 edidi.
1217 3909 1244 3972 2)
1272 3905 1305 3958 Ul

178 3977 203 4032 I.
222 3977 259 4032 F.
279 3975 419 4042 Boelimer,
445 3977 476 4030 G.
498 3977 531 4030 H.
551 3977 637 4042 Ferte,
659 3977 693 4031 Ε.
713 3977 762 4030 Br.
782 3975 878 4042 scobol,
900 3977 968 4028 ‘Dos
984 3977 1083 4031 Cbuon.
1102 3977 1234 4045 Sampclr.
1252 3977 1304 4028 Er-

178 4049 263 4113 furt!
282 4047 371 4112 (Dios.
390 4049 465 4116 lips.
486 4049 568 4110 1867)
584 4066 612 4116 p.
625 4049 668 4113 23,
693 4050 811 4115 quinon
825 4049 972 4116 perspenil,
991 4049 1062 4115 quod
1079 4049 1158 4100 Per-le
1183 4051 1238 4099 ianr
1257 4051 1305 4099 ad-

143 4125 330 4186 oonotaoeral,
350 4121 431 4170 etium
449 4121 520 4170 inter
537 4136 563 4171 o.
579 4121 655 4174 1247.
674 4125 697 4172 ct
717 4122 794 4175 1253.
813 4119 940 4186 quosdam
959 4121 1027 4172 locos
1046 4120 1172 4172 Croni'cac
1190 4119 1218 4171 S.
1230 4119 1307 4172 Petri

177 4207 240 4242 cnm
259 4189 415 4242 Annalibus
434 4189 668 4258 Erpbordeneibno
686 4193 837 4252 conuenire:
862 4192 940 4242 etiam
962 4191 1010 4245 Tb.
1028 4191 1106 4256 Ilqen
1124 4196 1147 4242 el
1165 4190 1198 4243 R.
1216 4189 1304 4256 l'oqel,

179 4261 286 4316 ‘Gesclo¹
313 4262 358 4314 dee
382 4261 545 4315 tbdr.·beee.
566 4261 809 4328 Erbfolqelorieqes'
834 4265 993 4330 (separatim
1019 4263 1057 4313 cd.
1076 4279 1108 4313 cn
1126 4261 1263 4315 ‘Zertocln-¹
1283 4263 1303 4326 f.

177 4333 258 4388 Heus.
281 4332 373 4386 Gneo.
392 4331 429 4386 N.
442 4331 484 4386 F!
503 4331 543 4397 X)
564 4349 594 4400 p.
614 4335 631 4387 b
648 4347 687 4399 sq.
712 4333 781 4385 dem
805 4339 968 4388 consanum.
1005 4333 1057 4385 Sul
1081 4333 1112 4384 ln·
1129 4331 1305 4398 neqleqentine

178 4405 231 4458 bas
249 4419 297 4457 ros
315 4409 503 4467 tractaverunt,
526 4407 575 4471 qui
598 4407 753 4456 nesciverint
778 4407 817 4470 (p.
836 4407 884 4465 25)
909 4405 1012 4456 nullum
1037 4419 1170 4471 superesse
1194 4403 1304 4455 codicem

143 4491 169 4531 tt
178 4477 398 4542 nrannscriplnm
409 4473 556 4526 Annalium
565 4473 805 4543 Euphordensium.
852 4477 879 4542 3)
892 4476 935 4526 ιΝ.
945 4475 1058 4526 Arche-'o'
1069 4475 1104 4536 X,
1114 4491 1143 4540 p.
1156 4475 1303 4528 131-137.
