3130 4990
198 437 375 492 amanus
393 435 582 492 ERPHORD.
601 434 791 490 FRATRUM
809 434 1148 493 PRAEDIOATORUM.
1186 441 1236 494 111

134 619 194 698 Qui
222 621 361 705 postea1
384 624 526 686 vocatus
556 642 576 684 a
603 621 718 704 legato
742 620 973 703 Megdeburc²
1000 622 1165 704 pervenit,
1196 591 1330 710 soff)

133 709 205 774 dein
228 710 403 775 Brnnswic
434 731 512 775 cum
541 730 621 793 rege
645 711 793 786 veniens,
824 709 861 772 in
892 709 947 774 die
977 710 1169 794 palmarum
1193 711 1235 776 ab
1246 733 1351 775 naam.

133 797 360 864 Eboracense²
394 799 650 883 archiepiscopo
689 799 726 861 in
762 797 993 882 pontificalem
1031 799 1235 864 sublimatus

30 950 31 957 ,
132 891 178 950 est
200 881 440 972 dignintemb.
476 887 545 952 Ubi
568 888 693 952 etiam⁰
714 887 871 970 sequenti
895 886 950 951 die
974 907 1034 952 rex
1049 883 1351 970 Wlillehel-nmaa,

30 962 31 1048 l
104 971 230 1058 sumsl‘l
253 999 274 1041 a
295 978 493 1042 marchione
517 969 870 1060 Brandenburgense³
893 996 932 1040 ac
957 977 1043 1040 duce
1068 975 1236 1042 Saxonie⁴

29 1078 31 1139 J
130 1066 311 1150 ceterisque
335 1067 438 1130 huius
461 1069 552 1130 terre
581 1065 800 1148 magnatibus
828 1065 865 1128 in
887 1065 1081 1128 Romanum
1104 1065 1236 1130 sollem-

29 1188 30 1224 p
129 1154 214 1218 niter
244 1155 373 1220 electus
405 1159 457 1220 est
488 1155 687 1238 principem.
735 1155 931 1236 Eodemque
961 1157 1116 1237 tempore
1146 1155 1236 1219 cives

130 1241 356 1308 Goslarienses
390 1244 550 1308 fecerunt
584 1243 752 1308 similiter.
808 1243 951 1325 Itaque⁰
989 1243 1145 1326 prefatus
1177 1264 1236 1308 rex

130 1327 408 1414 Wlillehelmus]d
436 1332 478 1396 de
503 1333 558 1396 die
588 1333 624 1394 in
655 1333 745 1396 diem
775 1335 848 1396 tam
872 1352 986 1395 coram
1010 1325 1106 1396 Deos
1133 1352 1235 1415 quam

98 1439 238 1484 aceram
269 1421 463 1486 hominibus
495 1441 658 1498 crescens,
690 1421 727 1484 in
756 1421 811 1484 die
839 1426 1047 1503 parasceuess
1072 1441 1236 1504 magnum
1247 1444 1355 1486 names.

129 1507 313 1575 devotionis
337 1512 373 1575 et
395 1510 605 1574 humilitatis
636 1510 774 1594 prebuit
804 1509 1007 1592 exemplum,
1038 1511 1089 1575 ita
1111 1513 1152 1574 ut
1175 1531 1236 1595 per

129 1597 298 1664 civitatem
322 1599 556 1683 supradictam
580 1599 873 1662 Brunswicensem
902 1591 1043 1662 laneush
1070 1619 1109 1663 ae
1133 1600 1235 1663 nudis

129 1685 284 1752 incedens
315 1689 460 1772 pedibus
490 1691 690 1752 sanctorum
717 1679 890 1752 risitareti
922 1688 1082 1752 ecclesias
1111 1689 1235 1771 largas·

129 1795 190 1856 que
214 1780 368 1861 erogaret
392 1777 605 1842 elemosinas.
647 1775 761 1840 Multa
785 1776 931 1858 denique
956 1777 998 1840 de
1023 1797 1062 1841 eo
1086 1778 1235 1862 predica-

100 1889 121 1927 a
129 1862 251 1928 bantur
279 1867 447 1930 virtutum
481 1866 640 1950 insignia.
693 1866 783 1929 Nam
842 1865 911 1928 acis
946 1868 1088 1944 amator,
1123 1867 1235 1930 iustus

130 1955 227 2036 atque
261 1955 437 2019 districtus
471 1955 574 2020 iudex
609 1955 826 2037 moribusque
878 1958 1047 2030 maturus,
1083 1955 1161 2038 pius
1196 1977 1235 2020 ac

129 2043 219 2106 mitis
241 2043 429 2128 apparebat
452 2047 487 2107 et
510 2043 661 2106 humilis.
701 2042 919 2128 Quapropter
941 2047 1146 2128 cooperante
1170 2044 1236 2107 sibi

130 2128 191 2194 Dei
214 2134 322 2215 gratia
346 2153 407 2215 per
421 2133 575 2197 Romane
599 2133 689 2196 sedis
712 2133 866 2216 legatum
882 2132 1035 2195 omnium
1057 2132 1131 2196 iere
1148 2133 1236 2216 prin-

131 2219 239 2303 cipum
261 2221 326 2286 sibi
349 2221 547 2286 conciliavit
569 2221 733 2298 favorem,
751 2215 1233 2304 excepmdueeaawarie1·⁵,

102 2311 185 2390 aqui
207 2330 330 2393 genero
346 2331 407 2374 suo
425 2306 643 2393 canadam,
664 2309 736 2374 filio
752 2311 925 2393 quondam
948 2310 1173 2394 imperatoris,
1197 2311 1235 2373 in

131 2399 180 2460 sui
202 2399 337 2464 honoris
360 2421 399 2464 ac
416 2400 558 2463 ditionis
574 2399 765 2483 periculum
788 2400 1011 2484 pertinaciter
1033 2399 1233 2464 adherebat.

29 2509 30 2512 ¹
67 2501 124 2550 'aa
132 2485 198 2552 Rex
213 2489 314 2552 etiam
330 2488 492 2553 Boemie⁶
506 2489 664 2573 pretiosis
688 2492 791 2571 atque
809 2487 994 2571 *regalibus
1010 2489 1230 2554 muneribusn

132 2575 165 2638 in
192 2578 324 2662 signum
354 2577 532 2642 electionis
562 2579 675 2661 ipsum
706 2577 896 2641 honoravit.
949 2577 1033 2641 Post
1066 2578 1131 2643 hec
1164 2578 1233 2641 iam

134 2667 339 2748 sepedictus
362 2687 422 2731 rex
446 2662 710 2750 Wlillebelmus]
735 2667 771 2730 in
795 2665 988 2749 septimana
1011 2671 1089 2751 post
1113 2667 1229 2730 albas⁰
1243 2687 1376 2736 Apes-1³.

29 2775 30 2822 ἒ
104 2751 320 2820 altemburc
348 2755 457 2832 venit,
488 2756 550 2819 ubi
577 2754 903 2839 Megdeburgensisl'
936 2755 1234 2840 archiepiscopus⁷

134 2845 165 2905 et
180 2845 329 2908 marchio
344 2844 537 2920 Misnensis‚
562 2865 683 2907 manus
699 2845 730 2908 ei
747 2845 876 2920 dantes,
902 2865 964 2907 sua
979 2845 1022 2908 ab
1037 2845 1112 2928 ipso
1127 2844 1234 2909 feuda

133 2936 335 3016 receperunt.
387 2933 490 2997 Postq
518 2934 581 2997 hec
612 2932 812 3018 sollemnem
842 2953 902 2997 rex
930 2932 1077 2997 indixitr
1105 2934 1234 2998 curiam

133 3017 203 3082 Kal.
226 3021 310 3084 Iulii
338 3021 620 3086 Vrankenevurt⁸
654 3021 909 3098 celebrandam
945 3022 982 3084 in
1016 3043 1085 3105 qua
1117 3026 1235 3087 tamen
1245 3047 1287 3090 aa.
1296 3047 1314 3089 1.

134 3109 242 3174 eodem
264 3111 339 3175 fere
366 3113 520 3194 tempore
549 3110 751 3175 defunctum
783 3131 881 3174 suum
912 3111 1063 3194 graviter
1093 3111 1235 3194 lugebat

104 3213 274 3262 asocenrm
287 3199 309 3262 ⁸.
357 3199 478 3264 Eidem
501 3199 619 3282 itaque
643 3199 736 3264 curie
760 3200 819 3262 isti
842 3200 1014 3284 principes
1036 3200 1235 3265 interfuisse

134 3287 335 3352 referuntur:
354 3287 505 3372 episcopi
521 3287 756 3371 Maguntinus,
774 3285 1020 3353 Coloniensis¹·
1031 3289 1052 3366 ⁹,
1072 3288 1236 3353 Leodien·

132 3512 296 3564 slfflgdeburss
310 3514 329 3557 2.
390 3514 413 3563 b)
426 3515 583 3554 anctoritatem
598 3516 616 3556 1.
677 3513 698 3564 c)
712 3519 735 3554 et
749 3517 767 3557 1.
826 3514 849 3565 d)
863 3515 899 3560 W.
912 3517 934 3566 ¹5
950 3515 1082 3556 Wllhelmus
1096 3515 1116 3558 2.
1170 3513 1192 3566 e)
1205 3525 1237 3554 se·

132 3567 209 3613 amia
223 3589 248 3596 -
261 3565 386 3607 adherebat
399 3567 425 3616 a.
434 3567 472 3617 21)
485 3567 547 3606 haam
562 3567 574 3606 2
583 3579 609 3616 p.
620 3567 666 3612 622.
712 3567 840 3616 oDomino
855 3570 872 3609 1.
926 3569 1130 3618 mmmmm-1.
1171 3569 1194 3616 h)
1207 3569 1238 3608 sic

134 3620 307 3669 ramnusia
322 3621 419 3662 indutus.
473 3621 490 3667 l)
504 3620 604 3661 vlsltsvit
620 3621 638 3664 2,
693 3619 716 3671 k)
730 3621 827 3660 moribus
842 3623 861 3663 1.
914 3621 930 3670 l)
944 3621 1054 3660 stsrlse
1069 3623 1087 3663 1.
1128 3619 1236 3672 m)0.1;

28 3707 29 3719 ,
104 3667 258 3716 bannens.
338 3673 361 3724 n)
381 3675 451 3724 ml.
465 3674 536 3724 Puta,
554 3675 626 3724 spallo
642 3685 709 3714 vacuo
726 3675 766 3716 rel.
781 3675 804 3726 ¹5
827 3675 889 3714 donli
903 3675 1013 3716 Bommer.
1085 3673 1107 3725 o)
1127 3675 1203 3714 Abbir
1219 3677 1237 3719 1.

28 3746 29 3764 l
132 3725 318 3777 pillegdenburg.
332 3729 351 3770 1.
396 3730 419 3776 q)
433 3728 559 3776 sam-p.
574 3728 619 3780 112,
640 3728 763 3770 hebetet
777 3728 789 3766 2
803 3728 888 3777 gattis
933 3730 952 3776 r)
965 3726 1054 3767 induxit
1068 3729 1087 3770 1.
1135 3727 1154 3778 s)
1168 3730 1238 3769 Fran·

132 3777 239 3821 lenem
253 3783 271 3824 1.
326 3783 343 3828 t)
358 3785 382 3820 et
395 3781 441 3824 col.
455 3785 479 3820 et
492 3777 560 3824 Laod.
575 3783 594 3824 1.

135 3973 156 4038 1)
170 3975 309 4044 Postquam
327 3975 490 4040 Erfordc'am
509 3978 577 4028 venit
595 3975 686 4043 (Febr.
705 3975 744 4047 4),
770 3991 823 4028 non
839 3983 982 4044 postquam
1002 3977 1161 4030 Gerbardas
1178 3979 1239 4030 dic·

133 4059 204 4097 mnus
220 4053 243 4098 a
263 4045 404 4114 presbyter
421 4053 586 4100 wmeeoratm
604 4053 648 4114 est,
673 4063 736 4099 mom
755 4047 835 4115 Hupo
854 4049 956 4113 apcius
980 4063 1000 4103 c.
1019 4048 1097 4103 Febr.
1111 4051 1237 4105 10-21.

106 4115 302 4184 sumamma·
328 4124 449 4170 moratus
475 4123 529 4182 est;
555 4119 619 4184 Ray.
645 4119 713 4185 Imp.
736 4119 766 4185 V,
790 4135 818 4186 p.
840 4121 923 4187 1559,
949 4122 1238 4177 nr.10300-10312.

134 4187 157 4252 2)
179 4189 361 4242 Ebredummei
386 4189 523 4242 Heinrico.
567 4189 609 4254 Cf.
639 4190 786 4244 Cbmstc'an.
814 4205 834 4244 c.
859 4191 907 4256 26,
934 4191 982 4245 SS.
1002 4191 1095 4259 XXV,
1122 4209 1152 4259 p.
1176 4193 1238 4247 248.

134 4260 157 4322 3)
173 4259 329 4315 IobumneI.
402 4261 430 4326 4)
447 4261 556 4312 Albmw
566 4261 590 4314 1.
620 4261 663 4326 Cf.
682 4263 756 4330 epist.
775 4261 898 4327 Hupom's
917 4261 997 4328 lopati
1013 4263 1040 4318 d.
1052 4261 1077 4316 d.
1096 4264 1179 4316 Mart.
1192 4265 1237 4327 25,

135 4327 189 4396 Ray.
208 4330 274 4400 Imp.
291 4331 323 4399 V,
342 4348 386 4384 mr.
400 4333 478 4388 5068.
550 4332 578 4398 5)
596 4331 688 4384 Ottome
705 4332 743 4386 11.
810 4335 837 4399 6)
852 4333 1061 4387 szoelauel.
1127 4335 1153 4401 7)
1173 4333 1240 4384 Wil-

26 4412 28 4452 l
135 4399 253 4458 maduca
324 4404 352 4470 8)
370 4402 430 4455 Ouo
447 4403 502 4454 dur
520 4402 583 4454 otia
601 4404 644 4455 die
662 4403 723 4458 Iun.
737 4405 761 4458 9.
834 4404 862 4473 9)
882 4404 1030 4460 Corradus.
