3162 5022
248 511 301 566 222
391 507 558 564 ORONIOA
571 507 599 563 S.
610 506 725 564 PETRI
737 508 999 564 ERTORDENSIS
1012 507 1102 566 MOD.
1120 507 1156 564 A.
1171 511 1248 565 1219.

152 673 238 754 ,lm-
248 685 354 740 redacti
380 689 444 740 sunt
470 686 498 738 in
525 702 637 740 acervos
664 686 787 755 lapidum
813 690 907 756 preter
932 688 1068 756 templum
1085 685 1195 740 Domini
1214 690 1242 739 et
1268 684 1365 739 turrim

121 743 240 788 ⁰¹'‘'·⁶·¹³·
249 757 344 812 David.
386 756 447 810 aDe
471 757 616 825 sepulchro
639 759 759 827 glorioso
778 756 942 812 destruendo
968 757 1111 812 consilium
1129 757 1285 810 habuerunt
1303 755 1367 810 Sar·

248 829 349 895 moeni,
366 827 414 882 sed
431 827 496 880 huic
514 828 664 881 temeritati
681 845 763 882 nemo
775 829 940 899 presumpsit
956 845 1082 883 manum
1100 844 1238 897 apponere
1254 832 1368 897 propter

249 899 303 952 loci
320 897 514 954 reverenciam.
551 897 628 953 Sicut
647 900 719 953 enirn
738 901 767 953 in
786 901 925 954 Alcorane
943 899 1015 953 libro
1034 899 1103 969 legis
1121 915 1217 953 eorum
1235 899 1368 968 scriptum

248 970 358 1038 habent,
377 970 469 1024 Iesum
487 968 625 1024 Christum
643 970 785 1024 dominum
809 976 934 1024 noenum
959 970 1075 1025 credunt
1099 971 1134 1025 de
1153 969 1243 1023 Maria
1261 969 1391 1039 virgineo

249 1046 412 1110 conceptum
435 1046 463 1094 et
486 1045 591 1107 natum,
617 1059 698 1109 quem
723 1042 779 1096 sins
804 1047 918 1111 peccato
936 1042 1043 1110 vixisse,
1067 1040 1231 1112 prophetem
1249 1045 1278 1095 et
1294 1042 1367 1111 plus-

248 1129 330 1180 quam
357 1111 521 1182 prophetem
548 1117 742 1181 protestantur,
770 1128 849 1167 cecos
875 1113 1050 1180 illuminasse,
1068 1113 1189 1182 leprosos
1213 1111 1366 1180 mundasse,

247 1189 371 1237 mortuos
388 1183 561 1236 resuscitasse
578 1183 694 1238 firmiter
712 1188 834 1238 esserunt
852 1186 1046 1253 perverbum
1073 1189 1102 1238 et
1126 1184 1252 1253 spiritum
1269 1184 1321 1237 Dei
1339 1193 1368 1237 et

248 1254 341 1308 vivum
366 1253 402 1307 ad
429 1255 502 1308 celos
529 1255 678 1308 escendisse
705 1272 761 1308 non
786 1255 952 1311 discredunt.
987 1255 1078 1322 Unde,
1106 1255 1215 1324 qnando
1242 1259 1367 1323 tempore

248 1330 407 1394 treugarum
432 1325 567 1394 sapientes
591 1343 697 1379 eorum
715 1325 905 1380 Ierosolimam
931 1326 1121 1394 ascendebant,
1147 1325 1254 1380 codices
1279 1342 1405 1380 evan-10

248 1397 384 1466 geliorum
402 1395 454 1450 sibi
472 1397 648 1465 postulabant
666 1397 790 1450 exhiberi
812 1400 839 1451 et
857 1398 1051 1452 osculabantur
1068 1403 1182 1466 propter
1199 1397 1367 1450 mundiciam

248 1468 325 1536 legis,
353 1466 578 1537 quemchristus
605 1467 707 1535 docuit,
736 1471 764 1522 et
790 1468 910 1523 maxime
936 1472 1050 1538 propter
1076 1467 1257 1538 ewangelium
1275 1467 1366 1522 Luce:

249 1541 349 1592 Meso
361 1547 398 1593 est
412 1539 531 1604 Gaba-iel,
549 1539 624 1606 quod
642 1538 743 1593 literati
762 1555 877 1593 eorum
895 1540 985 1609 sapim
997 1543 1126 1608 repetunt
1144 1545 1172 1592 et
1183 1537 1367 1594 retractantb.

249 1609 369 1680 Legem
395 1613 487 1664 autem
512 1627 616 1678 eorum,
641 1609 751 1664 diabole
770 1609 898 1679 dictante,
917 1610 1068 1664 ministerio
1087 1610 1176 1679 Sergii
1194 1610 1321 1664 monachi
1340 1613 1368 1664 et

249 1685 372 1750 apostate
401 1697 433 1734 ac
459 1681 573 1735 heretici
591 1679 785 1736 Machometue
812 1681 969 1736 Sarrecsnis
995 1680 1072 1735 dedit
1089 1681 1210 1735 Arabica
1227 1681 1367 1750 scriptam,
1378 1696 1405 1735 ro

248 1769 310 1820 que
338 1752 385 1806 sic
413 1751 551 1820 incipit:
579 1755 604 1806 A
628 1755 721 1820 gladio
744 1757 810 1822 equit
834 1760 857 1805 st
875 1771 893 1804 a
910 1753 1002 1820 pudeo
1020 1759 1122 1807 unam
1139 1760 1162 1806 et
1175 1769 1229 1820 per
1244 1755 1368 1820 gladium

248 1824 445 1880 imminuitur.
472 1823 664 1879 Machometus
681 1824 732 1877 iste
750 1824 893 1877 illiteratus
911 1823 971 1892 fuit,
990 1823 1060 1878 sicut
1077 1823 1135 1892 ipse
1152 1828 1320 1892 protestatur
1338 1823 1367 1876 in

247 1894 387 1949 Alcorano
415 1911 479 1964 su03
507 1897 555 1949 st⁰
577 1895 783 1964 prenominatus
810 1894 946 1949 hereticus
963 1894 1085 1962 dictavit,
1104 1894 1163 1948 iste
1181 1895 1368 1964 promulgavit

248 1970 276 2019 et
303 1982 353 2035 per
381 1965 608 2020 comminaciones
636 1971 664 2018 et
683 1967 832 2021 vanitatem
859 1966 949 2036 legem
974 1965 1079 2033 statuit,
1097 1963 1199 2034 quem<¹
1222 1965 1368 2020 carnaliter

248 2037 370 2092 viventes
388 2037 416 2089 in
434 2041 512 2106 parte
528 2036 677 2105 voluptatis
694 2036 809 2091 firmiter
827 2037 985 2103 observant,
1004 2041 1032 2091 et
1050 2037 1120 2090 sicut
1138 2037 1227 2106 legem
1245 2042 1404 2090 nostramao

155 2109 237 2158 *mit
248 2108 348 2162 veritas
368 2111 396 2162 et
412 2108 552 2162 mundicia
569 2108 704 2172 muniunt,
725 2109 764 2161 ita
782 2125 896 2163 errores
914 2107 1034 2177 ipsorum
1053 2108 1136 2161 timor
1153 2108 1307 2162 mundanus
1326 2110 1369 2162 *et

248 2178 381 2233 humanus
400 2197 432 2233 ac
449 2180 576 2248 voluptas
594 2181 708 2232 carnalia
725 2178 877 2232 firmissime
897 2179 1059 2234 custodiunt.

130 2253 196 2297 narr.
204 2254 238 2293 ³1·
354 2249 389 2303 In
402 2249 446 2303 die
457 2251 610 2318 palmarum
629 2251 693 2303 anni
710 2249 856 2319 prescripti
873 2250 985 2304 hostes
1003 2249 1171 2316 fidelium,
1189 2249 1277 2303 multe
1293 2265 1367 2302 oom-

248 2321 400 2375 minaeione
418 2321 556 2390 premissa,
575 2320 649 2388 quod
673 2338 702 2376 se
726 2321 798 2389 ipsos
816 2320 860 2375 vel
878 2325 1041 2375 nostrates
1059 2337 1153 2374 omnes
1171 2337 1225 2374 una
1243 2319 1288 2374 die
1306 2337 1367 2389 per·

248 2391 352 2459 derent,
371 2392 487 2446 collecto
505 2392 622 2445 terribili
650 2395 677 2445 et
704 2391 898 2446 innumerabili
915 2393 1036 2446 exercitu
1055 2392 1178 2460 equitum
1198 2396 1225 2444 et
1242 2391 1404 2459 peditumso

247 2463 386 2516 irruerunt
413 2479 494 2530 super
524 2461 754 2530 Christianos,
781 2462 902 2531 undique
933 2463 1064 2517 fossatum
1091 2463 1259 2531 ipsorum0
1291 2462 1366 2515 inva-

248 2532 350 2588 dentes.
387 2531 488 2586 Hostes
505 2549 570 2587 vero
597 2551 660 2586 cum
685 2534 779 2588 electis
797 2534 931 2588 militibus
955 2533 1009 2588 suis
1027 2533 1061 2587 de
1080 2533 1155 2602 equis
1173 2532 1368 2588 descendentes

249 2621 311 2657 cum
338 2603 550 2657 nostratibus
577 2604 707 2658 atrociter
724 2610 923 2674 pugnavemnt.
960 2603 1092 2659 Mulieres
1110 2621 1209 2673 aquam
1227 2609 1255 2658 et
1272 2603 1367 2657 vinum

249 2675 392 2743 etlapides
404 2674 594 2729 ministrabant
606 2676 783 2730 bellatoribus
801 2675 972 2744 fidelium,
991 2676 1123 2730 interea
1140 2675 1260 2730 oracioni
1279 2692 1366 2729 sacer·
1394 2682 1401 2700 '

248 2745 326 2800 dotes
343 2745 510 2814 insistebant,
529 2747 643 2800 vulnera
661 2747 844 2800 sauciatorum
869 2747 986 2816 ligantes
1007 2753 1035 2801 et
1053 2745 1254 2802 benedicentes.
1291 2743 1404 2800 Oeci-ao

248 2816 417 2884 deruntque
434 2816 498 2870 hinc
517 2817 700 2872 indemortui
719 2818 799 2871 multi
818 2823 846 2872 et
863 2817 1007 2886 vulnerati,
1026 2816 1125 2886 quia!
1140 2817 1209 2872 adeo
1229 2817 1368 2870 instabant

249 2888 379 2941 atrociter
396 2889 442 2957 qui
454 2894 587 2942 venerant
604 2889 695 2943 studio
714 2889 855 2943 liberande
874 2889 998 2956 civitatis,
1017 2894 1053 2942 ut
1070 2888 1106 2942 ab
1124 2893 1187 2942 ortu
1206 2887 1269 2942 solis
1281 2905 1367 2956 usque

249 2959 285 3012 ad
311 2959 407 3012 horam
434 2959 492 3013 fers
520 2959 654 3014 decimam
681 2961 808 3014 bellum
827 2960 1098 3028 protraheretur.
1135 2959 1258 3014 Tandem
1275 2960 1367 3014 hostes

143 3073 151 3110 1.
180 3083 191 3109 0
248 3033 422 3084 retraxerunt
440 3049 468 3084 se
487 3049 550 3085 oum
568 3031 688 3084 maximo
706 3031 859 3100 dampnes,
1279 3048 1281 3054 ’

167 3099 197 3112 ''
233 3097 238 3109 '
355 3101 437 3156 Post
463 3102 526 3156 hoc
548 3101 668 3156 instabat
685 3103 840 3172 passagium
858 3104 978 3169 vernale,
996 3106 1028 3156 et
1047 3101 1080 3155 in
1098 3100 1161 3159 Kal.
1180 3101 1249 3156 Maii
1267 3119 1403 3172 megaera

249 3189 324 3241 pars
336 3173 543 3243 peregrinorum
555 3173 696 3242 recessit,
715 3174 762 3228 ssd
780 3173 845 3227 novi
863 3179 1040 3242 recentesque
1053 3173 1191 3243 peregrini
1209 3191 1270 3227 cum
1287 3173 1367 3242 copia

249 3243 409 3298 victualium
428 3247 457 3298 et
469 3261 601 3313 equorum
620 3244 849 3313 supervenientes
868 3243 996 3299 Christi
1012 3244 1140 3298 milites
1157 3243 1367 3298 letificaverunt.

144 3313 346 3368 satuecirea
373 3314 482 3369 festum
510 3315 673 3376 ascensionis
697 3315 807 3369 Domini
832 3316 972 3370 irruerunt
997 3332 1096 3384 super
1122 3314 1244 3370 fideles
1270 3315 1369 3384 perfidi

249 3385 412 3440 multociens
438 3386 578 3454 prevalere
597 3387 765 3454 volentes,
793 3386 852 3441 sed
879 3403 934 3441 non
961 3391 1127 3456 poterant.
1163 3385 1231 3440 Post
1248 3385 1368 3440 diutinos

251 3455 387 3511 assultus¹¹
409 3456 521 3510 tandem
538 3457 670 3511 fossatum
688 3462 881 3511 nostrorum
901 3463 997 3512 contra
1014 3457 1143 3512 miliciam
1156 3457 1264 3526 Templi
1281 3462 1367 3510 traria
1377 3479 1404 3518 40

250 3532 345 3582 euntes
357 3532 385 3582 et
397 3528 479 3582 liceas
490 3528 625 3582 violenter
640 3533 806 3598 rumpentes,
824 3528 1095 3583 Christianorum
1113 3527 1219 3597 pedites
1231 3529 1260 3581 in
1273 3527 1368 3599 fugam

249 3603 399 3668 verterunt,
419 3598 487 3653 adeo
516 3599 563 3653 ut¹
592 3604 665 3653 totus
684 3599 819 3654 exercitus
837 3599 961 3654 fidelium
978 3600 1190 3668 periclitaretur.
1225 3599 1369 3655 Sarraceni

250 3669 383 3738 siquidem
400 3670 473 3724 intra
490 3670 581 3724 menia
598 3675 784 3738 nostrorum,
803 3671 897 3725 fractis
908 3670 1109 3726 municionibus
1121 3669 1226 3741 ligneis,
1245 3670 1368 3740 equitum

251 3757 283 3792 ac
294 3740 418 3808 peditum
438 3741 508 3795 acies
527 3741 694 3797 ordinarunt.
724 3741 867 3795 Timidites
887 3741 988 3797 austae
1003 3740 1170 3809 Christianis,
1189 3741 1237 3795 sed
1249 3741 1368 3811 spiritus,

250 3810 298 3878 qui
314 3811 405 3864 induit
417 3811 584 3880 Gedeonem,
603 3812 734 3866 animavit
751 3813 929 3883 Templarios,
948 3813 1025 3882 quia
1042 3812 1172 3882 magister
1184 3812 1293 3882 Templi
1306 3831 1405 3874 cumae

250 3882 416 3936 marscalco¹
432 3883 583 3952 ceterisque
601 3884 730 3938 fratribus
748 3902 798 3952 per
816 3885 994 3938 exercitumm
1007 3889 1152 3953 angustum
1170 3884 1276 3953 impetu
1294 3885 1368 3938 fecto

250 3952 366 4006 viriliter
393 3953 421 4006 in
448 3954 543 4023 fugem
571 3955 706 4010 convertit
725 3954 887 4023 incredulos,
907 3955 1008 4024 aliique
1025 3954 1061 4008 de
1078 3953 1191 4009 diversis
1207 3955 1368 4010 nacionibus

251 4023 333 4092 ipsis
360 4025 483 4077 tulerunt
510 4025 648 4084 auxilium.
686 4025 733 4081 Sic
759 4026 865 4095 pedites
893 4025 1106 4080 sarracenorum
1134 4026 1247 4080 abiectis
1274 4025 1368 4094 clipeis

251 4093 493 4151 interficiebantur.
530 4095 675 4152 Sarraceni
702 4114 780 4151 vero
810 4098 915 4166 priores
942 4101 1117 4166 recesserunt,
1149 4097 1367 4163 ocemorumque

251 4291 273 4340 a)
288 4291 305 4329 P
319 4291 359 4328 hoc
372 4291 417 4330 loco
428 4292 588 4340 presumptum
603 4295 621 4336 1.
702 4292 725 4340 b)
740 4294 813 4332 eaden
827 4305 894 4332 manu
907 4303 1014 4342 superam.
1027 4297 1168 4333 assumtam
1182 4296 1200 4335 l.
1281 4291 1301 4343 c)
1315 4303 1366 4341 que,
1376 4297 1404 4335 50

251 4345 308 4393 guod
322 4353 349 4382 ss
362 4343 415 4386 otis.
430 4345 497 4383 insert
510 4345 621 4394 ababa,
640 4347 697 4385 deest
711 4348 729 4388 1.
744 4347 770 4387 B.
837 4343 861 4394 d)
881 4357 926 4395 qua
940 4349 959 4389 1.
973 4347 999 4389 B.
1066 4350 1088 4396 e)
1108 4357 1192 4398 somni,
1214 4347 1286 4384 mesu
1301 4357 1368 4384 manu

250 4406 357 4446 superest.
371 4398 469 4447 ipsorum
484 4401 503 4446 l,
519 4403 538 4436 ct
551 4399 584 4437 lta
597 4399 624 4441 R.
677 4399 739 4450 Osis
752 4401 784 4446 12,-
798 4400 836 4448 qui
850 4403 870 4441 1.
931 4400 954 4450 g)
969 4405 1010 4441 eto.
1024 4401 1076 4442 add.
1090 4403 1109 4444 l.
1169 4399 1194 4450 h)
1206 4399 1237 4438 rie
1251 4400 1283 4448 Β,-
1297 4399 1367 4439 msul-

252 4453 320 4492 1011.
386 4451 404 4501 l)
416 4452 447 4490 eie
461 4451 487 4493 R.
502 4451 571 4500 oua,
592 4451 652 4502 qnod
666 4453 685 4493 1.
752 4452 775 4500 lr)
794 4457 835 4502 est,
850 4453 907 4502 quod
921 4463 948 4492 es:
962 4453 1016 4495 orto.
1030 4455 1097 4492 insert
1110 4453 1221 4501 ameum,
1236 4453 1293 4492 deest
1306 4457 1325 4496 1.
1340 4453 1368 4494 Β.

250 4503 267 4552 l)
281 4513 394 4543 marcesco
409 4506 428 4544 1.
483 4505 514 4556 m)
528 4505 558 4545 εἰσ
572 4507 591 4547 1.
605 4505 625 4544 R
638 4517 685 4544 mun
699 4506 744 4549 cod.
758 4506 851 4555 marm
865 4506 938 4546 Peste.
953 4507 1046 4554 miseri,-
1060 4507 1145 4547 exitum
1158 4507 1214 4546 Ots'v.
