3162 5022
250 453 303 507 252
387 448 554 506 GRONIOA
567 449 596 506 S.
606 447 723 504 PETRI
734 447 997 505 ERFORDIINSIS
1010 447 1100 504 Mon.
1120 448 1155 506 A.
1168 451 1245 508 1263.

163 638 240 693 1263.
250 633 327 698 nati
348 634 384 697 in
408 654 526 710 unum,
551 634 594 698 de
617 633 790 698 adiutorio
813 632 881 698 Dei
904 633 1032 709 conlisi,
1058 632 1209 698 bellum·
1234 635 1369 698 commi·

158 743 240 796 aas.
250 726 369 787 serunt
391 723 429 785 in
452 725 575 787 octava
597 723 723 807 pasche
751 742 829 786 cum
853 721 1005 800 soldano,
1029 721 1149 786 multis
1173 721 1369 788 sarracenis

250 811 287 874 in
316 811 503 876 certamine
532 812 737 889 interfectis,
762 812 878 876 hostes
902 811 944 876 de
972 831 1034 874 sua
1055 811 1183 875 vicinia
1205 814 1369 877 strennue

249 901 461 984 fugaverunt
471 901 491 962 ¹.
527 900 698 965 Soldanus
722 900 866 985 proinde
889 900 926 963 in
948 899 1101 964 furorem
1123 919 1241 964 versus
1264 899 1369 966 eccle·

249 990 333 1052 siam
364 989 501 1054 domine
531 993 647 1055 nostre
675 988 820 1072 virginis
849 988 1006 1073 gloriose,
1029 988 1091 1052 nbi
1120 987 1272 1053 salutata
1298 988 1391 1054 fuito

249 1078 291 1142 ab
316 1076 448 1162 angelo,
473 1076 510 1141 in
533 1077 682 1142 Nazaret
705 1077 865 1142 funditus
888 1069 1077 1142 subvertitb
1105 1081 1141 1142 et
1165 1077 1335 1142 destruxit
1345 1080 1367 1142 ².

250 1165 349 1246 Quod
381 1167 521 1232 domina
555 1169 674 1231 nostra
713 1165 915 1231 notabiliter
952 1165 1154 1241 ulciscente,
1195 1166 1367 1232 sedicione

248 1259 324 1319 orta
353 1257 389 1319 in
420 1256 572 1321 exercitu
605 1254 748 1334 soldani,
772 1258 895 1318 mutua
917 1275 952 1319 se
977 1255 1058 1320 cede
1080 1255 1227 1320 invicem
1252 1255 1368 1321 crude·

247 1344 328 1410 liter
362 1344 572 1421 occiderunt,
604 1349 640 1409 et
674 1365 800 1428 magna
829 1343 878 1408 ibi
908 1347 1023 1426 strage
1053 1344 1148 1408 facta
1177 1343 1269 1409 insto
1299 1344 1367 1410 Dei

246 1433 374 1498 iudicio
399 1433 586 1508 sarraceni,
611 1432 670 1517 qui
693 1432 883 1498 Ierusalem
906 1453 948 1497 ex
963 1437 1061 1517 parte
1081 1433 1210 1516 prefati
1232 1433 1367 1498 soldani
1377 1460 1404 1499 ιο

248 1522 503 1600 custodiebant,
534 1522 641 1586 nimio
670 1522 794 1586 timore
828 1521 1017 1605 perterriti,
1045 1522 1154 1606 ipsam
1190 1522 1366 1588 'civitatem

247 1610 438 1676 Ierusalem
467 1611 700 1695 relinquentes
730 1631 847 1676 omnes
878 1611 1007 1695 pariter
1040 1609 1218 1694 fugerunt.
1264 1609 1366 1690 Quod

247 1699 423 1764 Christani
439 1701 619 1765 audientes
636 1699 812 1765 civitatem
829 1698 1018 1766 Ierusalem
1033 1699 1131 1764 nullo
1154 1699 1365 1785 impediente

244 1789 462 1854 intraverunt
485 1792 529 1854 et·
542 1789 653 1873 ipsam
676 1789 902 1873 possederunt
911 1788 932 1850 ³.

114 1883 237 1926 cauam
351 1871 484 1926 Eodem
503 1889 594 1926 anno
614 1872 788 1927 illucescente
805 1871 900 1942 vigilia
918 1870 1049 1925 Iohannis
1073 1871 1199 1941 baptiste,
1218 1875 1279 1926 orta
1296 1877 1401 1931 tem-1⁶

146 1947 349 2012 *arrapeatate
368 1961 430 1997 cum
443 1943 608 1998 inundancia
620 1943 774 2013 pluviarum
793 1942 822 1996 in
840 1941 991 2011 quadam
1011 1942 1119 1996 ‘villa
1137 1943 1236 1997 dicta
1255 1942 1365 2013 Apolde

244 2032 475 2086 simonisvilla
501 2049 532 2087 aa
551 2031 755 2087 incivitate
780 2030 879 2085 diota
901 2031 987 2100 (lene,
1010 2040 1076 2103 que
1098 2020 1166 2084 sita
1187 2023 1239 2085 est
1263 2041 1365 2105 super

244 2109 386 2173 fluvium
403 2108 529 2187 Salam,
554 2125 688 2176 nocturno
706 2125 831 2190 tempora
848 2119 972 2174 homines
989 2120 1137 2189 promiscui
1154 2137 1234 2175 sexus
1252 2120 1365 2175 XXXV

243 2192 377 2247 submersi
401 2197 472 2260 sunt,
497 2192 636 2248 domicilia
661 2191 779 2246 deducta
803 2196 874 2259 sunt,
900 2194 928 2245 et
952 2208 1052 2260 pecora
1076 2192 1194 2261 plurima
1215 2192 1362 2261 perierunt.

243 2261 315 2316 Item
334 2263 426 2318 Nonas
445 2263 564 2333 Augusti
580 2267 644 2334 post
661 2263 757 2316 horam
774 2279 875 2317 nonam
894 2261 948 2316 fuit
966 2262 1072 2331 eclipsis
1090 2263 1154 2316 solis
1171 2263 1313 2332 generalis,
1331 2267 1398 2321 utro

243 2333 346 2388 videri
363 2339 513 2403 poterat
531 2335 559 2388 in
577 2335 729 2389 Teutonico
746 2335 865 2406 regione.

351 2410 480 2476 Ilodem
505 2411 612 2476 eciam
635 2414 790 2496 tempore
820 2431 899 2475 cum
921 2411 1014 2475 inter
1036 2410 1169 2476 nobiles
1192 2411 1281 2475 viros
1304 2409 1361 2474 Al·

245 2498 379 2562 bertum
409 2499 597 2582 Thuringie
626 2499 859 2584 lantgravium
894 2502 930 2564 et
964 2499 1167 2565 Heinricum
1203 2501 1359 2565 comitem

243 2587 376 2666 Hassie,
401 2588 508 2652 filium
533 2589 672 2654 domine
695 2588 832 2673 Sophia,
856 2588 1029 2672 quondam
1056 2589 1190 2655 ducisse
1213 2589 1362 2653 Braban·

243 2677 304 2754 eie,
329 2698 395 2760 que
424 2678 541 2742 fuerat
570 2677 643 2741 filia
673 2681 790 2743 sancte
814 2676 1004 2754 Elisabeth,
1033 2698 1135 2763 super
1158 2682 1250 2742 terra
1272 2676 1398 2742 Thu-as

242 2765 418 2849 ringorum
449 2766 562 2851 gravis
586 2766 757 2831 discordia
786 2771 881 2831 orta⁰
910 2769 1009 2842 esset,
1034 2766 1179 2831 illustris
1202 2767 1361 2851 princeps

243 2854 312 2918 dux
328 2856 371 2920 de
388 2850 616 2920 Brunsvric‘¹¹⁴
641 2856 797 2940 predicto
820 2856 948 2932 comiti,
972 2857 1101 2920 sororio
1116 2875 1187 2932 suo,
1213 2875 1253 2920 eo
1269 2856 1360 2939 quod

242 2943 286 3007 ad
320 2944 549 3009 resistendum
584 2945 720 3030 prefato
755 2944 948 3010 adversario
981 2943 1057 3009 ‘suo
1086 2944 1216 3009 viribus
1249 2944 1464 3028 imperans.

243 3036 341 3108 esset,
366 3033 486 3099 sedulo
516 3054 556 3099 ac
580 3023 741 3120 diligenti
773 3033 973 3098 assistebat⁰
1002 3034 1140 3099 auxilio.
1187 3032 1275 3097 Nam
1301 3055 1362 3118 per

242 3121 426 3187 advocatos
449 3142 528 3188 suos
544 3124 630 3188 adeo
646 3128 773 3188 terram
789 3122 960 3206 oppressit
975 3122 1174 3207 Thuringie,
1194 3125 1235 3186 ut
1249 3116 1359 3206 ipsas,
1371 3149 1397 3188 so

74 3216 329 3294 samm.1,1.que⁸
360 3212 612 3295 provinciarum
642 3212 782 3277 domina
815 3205 952 3277 fuerath
985 3215 1021 3276 et
1056 3215 1166 3277 mater
1198 3210 1359 3275 villarum

241 3300 458 3384 optimarum,
482 3301 566 3386 ipsis
590 3300 780 3367 Senonibus
803 3309 980 3383 tamqnam
1003 3300 1188 3365 tributaria
1210 3300 1360 3366 subiace·

100 3393 304 3462 mnamret.
340 3389 423 3454 Post
446 3391 510 3454 hec
534 3411 615 3454 vero
638 3389 806 3453 Dominus
830 3389 868 3453 de
890 3389 1008 3454 excelso
1030 3395 1139 3454 sancto
1162 3409 1218 3452 sao
1241 3394 1360 3453 terrem

120 3477 495 3562 o.no,aThuring0rnm
524 3476 648 3558 aspecit
676 3482 711 3542 et
734 3477 979 3558 redempcionem
1000 3477 1097 3542 maed.
1143 3477 1234 3542 Nam
1258 3478 1360 3542 diuti-

240 3587 320 3630 nam
351 3560 486 3632 eorum¹
515 3566 779 3632 tribulacionem
807 3570 843 3632 et
872 3569 1067 3651 angustiam
1097 3567 1168 3633 leto
1199 3567 1295 3632 exitu
1325 3572 1396 3633 etas

241 3656 308 3720 fine
339 3655 507 3720 laudabili
535 3655 745 3721 terminavit.
791 3654 824 3718 N
826 3677 881 3719 am
906 3656 1060 3740 prefatus
1084 3657 1163 3734 dux,
1188 3676 1266 3720 cnm
1289 3657 1357 3720 iam

240 3862 262 3913 a)
282 3863 313 3901 etc
328 3865 347 3902 1.
362 3863 456 3910 arm.-
475 3874 495 3907 c.
508 3863 529 3907 b.
543 3863 590 3907 121.
670 3862 694 3914 b)
712 3866 743 3904 cic
758 3866 777 3906 1.
790 3865 886 3912 ar111,·
906 3865 989 3906 evertit
1002 3865 1049 3906 81.
1122 3863 1144 3917 c)
1164 3869 1225 3906 auct
1238 3869 1288 3906 crta
1301 3863 1359 3907 Μ.

239 3913 454 4013 ilrincas
467 3915 800 4022 “enarrarem
814 3917 847 4015 Α)
860 3919 892 3957 “⁶
976 3918 1094 3968 *rr
1109 3920 1127 3962 ¹·
1181 3923 1203 3968 ⁸³
1217 3921 1248 3958 '⁴⁶
1262 3921 1280 3962 L

241 4147 267 4212 1)
286 4145 398 4197 Danum
415 4152 475 4213 poet
488 4147 603 4200 medium
620 4164 732 4202 massam
745 4152 814 4216 Apr.
832 4149 990 4202 obsidt'enem
1004 4150 1116 4202 Aesonia
1133 4165 1187 4202 nors
1204 4151 1294 4214 mnae,
1313 4148 1358 4200 aad
1367 4161 1393 4200 sc

239 4219 320 4268 motor
338 4217 464 4270 soletum
481 4217 605 4284 reliquia·
622 4221 658 4284 cf.
676 4221 709 4275 R.
722 4219 853 4273 scamma
870 4223 899 4272 ia
919 4219 1009 4275 ‘Aret
1027 4221 1058 4274 de
1074 4221 1192 4274 l'Ors'eal
1204 4219 1301 4272 latin’
1316 4219 1357 4284 H,

234 4305 263 4356 p.
283 4289 336 4343 374
354 4305 391 4356 sq.
419 4295 443 4341 el
467 4305 494 4343 a.
512 4291 555 4346 85.
644 4293 673 4360 2)
699 4291 742 4356 Os.
761 4293 835 4359 epist.
858 4291 963 4344 Urbani
985 4292 1037 4348 IV.
1058 4309 1149 4359 pupae
1172 4292 1208 4343 ud
1232 4290 1358 4342 nsanos

237 4374 296 4410 mem
308 4359 359 4415 IX.
384 4376 471 4427 repam
489 4360 515 4415 d.
534 4361 560 4413 d.
580 4363 658 4418 1263.
683 4365 754 4430 Aac.
766 4365 817 4430 20;
842 4362 963 4416 Ροαῖιαετ
980 4380 1025 4416 nr.
1039 4365 1134 4419 18624.
1206 4362 1233 4428 3)
1250 4361 1358 4414 Facula

238 4430 301 4482 hacc
318 4437 372 4494 σθω
389 4432 426 4497 cf.
445 4431 575 4484 Retrahe
593 4433 609 4486 l.
624 4434 642 4489 l.
656 4450 686 4501 p.
699 4435 760 4499 874,
778 4451 805 4488 a.
818 4435 862 4490 33.
934 4435 962 4501 4)
979 4435 1103 4488 Albam
1121 4435 1246 4501 Maenas.
