3208 5006
445 516 563 574 LIBER
581 517 831 575 ORONIGORUM
849 518 1120 577 RRFORDENSIS.
1291 523 1345 576 733

226 708 288 768 527
306 722 362 783 sq,
394 701 456 767 alii
476 701 514 766 in
537 701 593 767 hoc
616 702 681 766 solo
705 702 786 768 libro
808 701 1025 768 inveniuntur.
1073 700 1152 767 Loci
1175 722 1244 768 cnm
1272 701 1347 766 Cro·

227 791 309 857 nicis
324 790 579 871 Erfordeusihus
593 791 847 873 Enqclhusiauis
862 790 1077 858 conuenientes
1097 790 1176 872 quin
1191 811 1230 855 ec
1244 812 1345 855 anna-

226 881 308 946 lihns
330 879 584 958 Erfurdeusibus
613 880 783 961 deperditis
805 879 1007 962 proveniant,
1039 879 1181 945 dubitari
1207 879 1316 961 nequit
1324 880 1346 955 ¹,

226 969 282 1034 hos
319 968 455 1034 annales
491 968 530 1033 iu
563 967 693 1034 ecclesia
728 969 762 1035 S.
797 968 930 1035 Mariae
967 967 1101 1050 scriptos
1137 967 1239 1047 fuisse
1276 989 1345 1033 cum

205 1059 273 1122 sK.
297 1057 416 1124 Wenclr
445 1078 511 1122 non
539 1055 610 1122 sine
639 1057 709 1123 iure
738 1058 878 1124 conicere
901 1063 999 1139 potes,
1024 1077 1062 1122 en
1084 1056 1197 1122 iisdem
1220 1057 1347 1122 annali-

228 1149 284 1213 bus
314 1167 420 1212 omnes
448 1145 585 1228 reliquos
616 1146 699 1211 locos
727 1146 764 1213 in
791 1147 887 1212 tertia
909 1147 1008 1212 alasse
1030 1145 1126 1211 Libri
1149 1145 1346 1211 cronicomm

228 1235 352 1301 additos
368 1234 528 1316 profectos
550 1255 624 1316 esse,
651 1241 687 1300 ut
708 1236 751 1300 K.
777 1236 905 1316 Weneh,
931 1233 1107 1301 ‘Zeitschn’
1131 1255 1167 1316 p.
1195 1240 1256 1298 193
1280 1255 1346 1316 sqq.

229 1323 357 1405 censuit,
381 1324 552 1403 affimrare
581 1343 646 1389 non
669 1324 783 1390 annm.
831 1325 895 1391 Sed
916 1323 1044 1390 omnino
1067 1322 1226 1390 consentio
1248 1323 1350 1388 eidan

228 1412 344 1478 ibidem
367 1411 506 1478 censenti
527 1412 584 1477 hos
599 1413 680 1478 locas
695 1433 800 1479 annes
823 1415 863 1479 ab
885 1413 953 1495 ipso
970 1419 1095 1478 auctore
1110 1411 1236 1477 additos
1250 1433 1315 1477 esse
1325 1415 1346 1492 ²,

195 1523 298 1568 iocum
320 1500 494 1566 uiderinms
522 1501 603 1566 alios
627 1502 709 1567 locos
731 1503 846 1584 procul
872 1501 966 1567 dubio
989 1503 1029 1567 ah
1051 1499 1120 1583 ipso
1143 1507 1255 1582 postea
1283 1523 1349 1566 esse

230 1590 374 1656 adiectos.
425 1589 505 1655 Cum
531 1589 632 1673 iqitrn
660 1591 771 1657 tertiae
800 1590 913 1656 classis
946 1589 1081 1656 codicem
1114 1611 1153 1655 ea
1181 1591 1351 1673 archetypo

231 1682 369 1745 duarum
385 1679 535 1762 priorum
552 1679 730 1760 profectum
753 1701 818 1746 esse
841 1685 1004 1762 appareat,
1034 1679 1090 1761 qui
1119 1681 1235 1744 menda
1257 1700 1349 1761 quae-

232 1770 305 1833 dam
325 1767 442 1851 procia
464 1788 576 1832 earum
598 1768 719 1851 haheat,
737 1775 829 1851 patet
850 1768 989 1833 auctoris
1012 1768 1213 1850 archetypum
1235 1767 1272 1832 in
1287 1769 1351 1831 duo

231 1857 432 1938 ecenrplaria,
457 1857 627 1940 archetypa
643 1856 771 1939 primae
793 1863 823 1923 et
844 1859 999 1923 secundae
1018 1856 1138 1936 classis,
1160 1856 1350 1937 transscrip

198 1952 297 2010 atum
319 1967 392 2026 esse,
418 1952 586 2027 antequam
615 1945 666 2011 hic
692 1945 730 2010 in
751 1945 951 2029 marqiuihus
973 1944 1125 2025 foliorum
1148 1945 1229 2010 locos
1252 1945 1350 2010 dictos

232 2055 337 2100 omnes
366 2035 504 2113 adderet,
535 2055 574 2099 eu
602 2034 770 2118 archetypa
798 2042 889 2100 aucto
918 2033 970 2099 his
992 2033 1217 2100 additamentis
1240 2033 1352 2098 tertiae

233 2123 344 2189 classis
360 2123 504 2205 primum
527 2122 661 2188 codicem
683 2144 748 2188 esse
770 2123 969 2206 descriptum.

339 2211 445 2276 Aliter
467 2211 676 2277 iudicandum
698 2219 743 2276 est
765 2214 804 2277 de
825 2213 945 2278 duobus
967 2210 1044 2276 locis
1073 2234 1103 2275 a.
1133 2216 1226 2274 1243.
1255 2215 1350 2274 1291.

234 2300 350 2367 codicis
373 2307 403 2382 3,
427 2299 541 2382 quihus
563 2301 658 2366 lector
680 2302 725 2366 ad
745 2321 877 2383 sequens
898 2301 1056 2384 quoddam
1079 2299 1249 2365 chronicon
1276 2299 1351 2364 rel-

197 2397 336 2472 coqatur,
367 2389 403 2454 in
433 2388 536 2454 codice
566 2397 585 2453 3
616 2411 681 2454 non
710 2389 908 2472 descriptum,
940 2389 976 2454 in
1005 2409 1065 2470 quo
1094 2391 1131 2454 de
1161 2389 1238 2453 hello
1266 2387 1354 2452 inter

234 2479 410 2558 Rudolfum
439 2479 476 2544 de
503 2478 617 2544 Varila
646 2485 675 2544 et
704 2478 828 2545 comites
855 2478 1056 2561 Thurinqiae
1086 2501 1116 2544 a.
1145 2482 1237 2542 1248.
1266 2483 1352 2559 qesta

234 2575 263 2632 et
284 2569 323 2633 de
344 2567 574 2649 ecpuqnaticne
595 2567 686 2634 urbis
700 2567 894 2634 Acconensis
916 2589 946 2632 a.
966 2573 1060 2632 1291.
1077 2567 1232 2648 quaedam
1249 2566 1354 2631 relata

234 2663 342 2722 essent.
402 2657 489 2738 Quae
523 2679 593 2722 cum
625 2657 663 2722 in
699 2656 836 2723 Orontea
865 2656 991 2722 Montis
1021 2657 1055 2722 S.
1081 2655 1171 2721 Petri
1199 2657 1352 2720 meduna

235 2746 390 2828 leqantur,
415 2745 498 2810 hanc
519 2745 688 2811 &anunm
709 2745 747 2811 in
769 2747 936 2829 archetypo
951 2746 1067 2811 codicis
1091 2752 1109 2809 3
1129 2751 1202 2828 post
1217 2745 1355 2810 librum

199 2833 432 2899 iscrcnicorum
454 2833 605 2916 scriptam
627 2833 728 2913 fnisse
750 2834 882 2900 coniecit
903 2835 947 2899 K.
972 2833 1120 2900 Wench³.
1164 2835 1254 2916 Quod
1275 2854 1354 2898 sane

235 2922 499 2988 cerisimillinmm
522 2928 574 3002 est,
599 2943 669 2988 cum
689 2922 796 3002 frater
817 2923 942 2989 ordinis
964 2922 1227 2988 Praedicatorum
1242 2923 1354 2986 Isena·

236 3011 337 3076 censis
371 3034 400 3078 a.
436 3017 531 3076 1395.
566 3018 595 3076 et
625 3011 759 3076 mauu
793 3012 989 3078 cronicorum
1024 3031 1093 3076 cnm
1127 3009 1355 3076 additamentis

237 3099 345 3165 tertiae
369 3099 481 3166 classis
503 3106 532 3165 et
552 3099 720 3166 Oronicam
737 3100 771 3166 S.
788 3099 877 3165 Petri
893 3100 1123 3179 Erfordensern
1141 3098 1351 3180 exscripserit.

238 3190 302 3255 Sed
323 3189 454 3271 penitus
481 3189 674 3254 reiciendum
703 3209 768 3254 esse
797 3189 877 3253 mihi
904 3210 1094 3271 persuasum
1124 3187 1233 3268 haheo,
1271 3189 1357 3268 quod

201 3301 227 3340 so
237 3279 282 3342 K.
313 3279 432 3344 Wenclc
466 3279 531 3343 loco
564 3279 694 3344 lmcdalo
727 3277 859 3359 cenant,
894 3277 1065 3344 chronicon
1097 3276 1179 3341 illud
1211 3278 1251 3342 ab
1285 3275 1354 3357 ipso

238 3373 363 3434 auctore
386 3366 480 3432 Libri
503 3366 701 3432 cronicorum
723 3366 810 3448 operi
833 3388 889 3433 suo
911 3365 1110 3432 subiunctum
1132 3365 1240 3446 fuisse,
1271 3367 1358 3447 quod

237 3463 271 3520 ut
295 3457 454 3538 probetur,
486 3457 577 3520 nulla
605 3454 690 3520 iusta
719 3454 803 3520 ratio
825 3455 940 3535 affmri
963 3456 1098 3539 posset&
1151 3454 1265 3520 Potius
1293 3460 1355 3519 sta

238 3547 386 3610 tuendum
409 3551 454 3611 est
475 3544 512 3610 in
534 3546 599 3610 solo
622 3544 732 3626 codice,
764 3566 803 3610 ec
825 3565 884 3627 qua
907 3551 1012 3610 noster
1041 3543 1151 3609 tertius
1180 3542 1357 3624 exscriptus

240 3719 267 3788 1)
281 3720 323 3784 Cf.
337 3735 405 3786 quae
419 3720 456 3772 ad
468 3724 591 3785 usupra
604 3719 725 3771 Conradi
735 3719 825 3786 Stolle,
837 3723 867 3770 in
879 3721 974 3786 quidm
985 3721 1041 3770 tria
1053 3719 1151 3770 hunam
1164 3718 1358 3770 additamento-

203 3799 229 3839 sc
238 3808 301 3842 rum
310 3796 462 3854 recurrunt,
473 3793 502 3842 in
507 3792 678 3857 praefatione
687 3806 778 3842 eorum
787 3793 905 3857 eaposrd.
947 3791 976 3852 2)
987 3789 1028 3841 Ao
1036 3791 1114 3842 initio
1124 3805 1166 3841 eos
1174 3792 1205 3841 in
1214 3789 1359 3854 archetypo

239 3864 356 3914 sudoris
373 3864 498 3928 artithse,
518 3863 548 3912 in
566 3863 696 3913 codicibus
723 3862 873 3928 archetypis
900 3861 1023 3914 classium
1048 3864 1154 3930 primae
1179 3867 1201 3912 et
1227 3861 1358 3912 secundae

239 3936 349 3986 mniaeos
376 3949 428 3984 esse
452 3949 536 3985 sonus
553 3949 627 3984 nemo
644 3935 757 3996 coniciet,
774 3935 934 4001 praesertim
952 3947 1010 3984 cum
1027 3933 1123 3984 classes
1141 3932 1164 3987 I.
1184 3937 1207 3983 et
1225 3932 1264 3985 II.
1279 3947 1356 3997 pura

240 4006 296 4068 fers
317 4012 440 4072 eucerpta
465 4005 592 4056 Cronr'cae
612 4004 806 4058 Reinhardshr.
830 4005 982 4072 praebeant,
1009 4005 1104 4070 quihus
1126 4005 1194 4056 locas
1214 4002 1357 4054 annalium

239 4077 434 4144 deperditarum
456 4083 550 4144 postea
576 4077 690 4128 irisertos
716 4091 768 4127 esse
790 4081 873 4142 patet,
899 4081 929 4126 ut
951 4075 986 4128 K.
1009 4077 1104 4126 Wenclc
1128 4075 1189 4126 hene
1211 4075 1358 4126 adnotavit.

111 4181 113 4186 .
204 4151 267 4210 ⁴03)
284 4147 429 4201 ‘Zeitschn¹
439 4163 468 4213 p.
480 4149 530 4202 196
539 4161 577 4214 sq.
632 4145 660 4212 4)
675 4147 716 4210 Cf.
732 4147 775 4200 (Ν.
788 4147 902 4198 Arehic'
915 4146 995 4212 XXI,
1014 4163 1042 4213 p.
1054 4149 1116 4212 261,
1136 4162 1162 4199 n.
1175 4149 1197 4200 1.
1217 4147 1357 4197 Auctorem

241 4219 321 4270 Libri
337 4220 502 4270 manicarum
520 4233 565 4270 nac
585 4218 723 4270 Crcnicam
742 4217 769 4271 S.
788 4218 865 4270 Petri
881 4234 925 4269 nec
942 4218 1082 4270 chronicon
1101 4218 1129 4268 E
1151 4218 1249 4268 dictum
1267 4217 1359 4282 lepisse

241 4296 349 4354 onustat,
367 4305 426 4340 cum
444 4289 516 4340 nihil
532 4306 566 4341 erc
583 4289 627 4341 his
644 4289 803 4354 descriptum
821 4289 951 4356 prmtcat.
990 4289 1070 4340 Nullo
1087 4291 1156 4340 enim
1174 4289 1250 4340 modo
1268 4289 1358 4351 facere

239 4377 356 4428 possum,
376 4367 406 4412 ut
424 4361 565 4428 approbem
583 4360 652 4427 quod
671 4361 705 4414 K.
723 4361 818 4412 Werule
835 4362 949 4424 coniecit,
962 4360 1018 4412 ideo
1030 4377 1063 4412 en
1075 4359 1122 4412 hoc
1133 4360 1256 4410 chronico
1268 4365 1359 4411 auoto-

241 4449 296 4483 rem
318 4432 391 4483 nihil
410 4433 588 4497 easmipsisse,
615 4433 684 4498 quod
708 4431 754 4483 hoc
773 4432 842 4482 libra
860 4447 909 4483 suc
927 4432 1084 4497 subiunqere
1101 4433 1154 4482 sibi
1169 4433 1355 4498 proposuisset.

203 4513 232 4552 so
248 4503 361 4554 Ubinam
372 4508 510 4553 terrarum
528 4504 581 4554 tale
598 4503 744 4570 quidquam
762 4503 847 4554 medio
859 4518 920 4555 aevo
932 4503 1033 4567 factum
1053 4517 1106 4554 esse
1122 4503 1236 4570 probari
1249 4501 1363 4568 posset?
