3130 4990
256 421 308 474 118
397 415 565 473 ORONIGA
583 414 612 470 S.
623 413 740 470 PETRI
757 411 1020 469 ERXORDENSIS
1038 411 1237 469 MODERNA.

249 599 452 682 praecedot1,
476 597 566 663 itiam
590 597 654 662 ioco
677 617 734 661 suo
755 616 877 662 orauere
899 594 1067 660 uotuiirurs.
1102 595 1207 676 Atque
1229 595 1266 660 in
1289 595 1379 662 alins

256 685 397 754 chronici
429 685 654 766 Erfordeniis,
689 687 774 767 puori
810 683 998 750 inscribitur
1033 683 1133 749 Liber
1166 684 1377 766 cronicorum,

255 775 448 860 apperedice²
469 774 631 840 indiculus
653 773 784 856 quidam
806 771 955 839 ordinum
982 770 1202 855 retipi‘osorum
1228 772 1378 852 fundato

256 885 327 931 rum
356 863 538 929 simillimus
566 863 673 944 eidem
704 861 760 944 qui
788 862 847 928 ilio
874 861 1105 944 scriptiuncuhr
1130 861 1301 943 exhibetur,
1326 884 1377 926 ee-

255 953 391 1036 scriptus
413 954 488 1019 esth
534 951 606 1017 Alii
627 951 764 1017 indiculi
790 949 928 1016 aarum
954 950 1082 1032 pencris
1110 949 1186 1015 aliis
1214 951 1410 1016 chronicisi

255 1042 320 1108 siue
342 1041 516 1107 annalibus
531 1041 677 1123 praefixi
704 1039 950 1120 inueniuntur⁴,·
979 1060 1039 1121 quo
1068 1060 1153 1104 neore
1178 1039 1285 1104 scriba
1308 1040 1377 1121 prii·

255 1133 339 1213 dam,
363 1152 432 1198 cum
454 1151 569 1196 nouum
590 1129 750 1212 exemptor
769 1128 923 1194 Oronicac
946 1128 979 1194 S.
996 1127 1087 1193 Petri
1109 1127 1303 1206 describeret,
1328 1129 1376 1194 iri-

255 1221 366 1286 ductus
399 1219 523 1284 uidetur
556 1239 633 1298 esse,
664 1224 699 1284 ut
732 1218 816 1283 huno
849 1217 1026 1282 indiculum
1059 1216 1176 1296 fratris
1209 1216 1377 1284 cuiusdam

256 1307 401 1374 Minoris
423 1306 636 1387 Erfurdensis
658 1306 745 1389 operi
761 1305 977 1389 praemitteret
986 1307 1008 1368 ⁵.

363 1396 461 1462 'Oum
488 1395 669 1478 Iburinpio
698 1416 796 1476 ΞΞΞΞΞΞΞ
823 1393 1033 1478 epri'scopotum
1062 1394 1189 1460 baberet
1210 1416 1310 1476 neque
1341 1395 1376 1461 in
1387 1427 1415 1465 1⁰

256 1485 316 1552 hac
339 1491 426 1550 terra
448 1483 591 1584 antiquis
613 1483 801 1564 tenporibus
823 1483 1027 1583 monasteria,
1051 1503 1132 1564 quoe
1161 1489 1278 1550 caerae
1300 1481 1499 1567 pro-'2⁸⁸⁶-

255 1573 380 1640 vinciae
396 1573 527 1655 patriae
549 1579 675 1638 nostrae
690 1573 845 1638 habebant
860 1572 1069 1653 celeberrima,
1094 1572 1200 1637 condit
1186 1579 1222 1636 ta
1244 1575 1376 1654 essenti,

256 1685 326 1728 cum
349 1661 481 1745 reliquis
503 1661 616 1726 tittere's
638 1660 773 1726 historia
803 1661 892 1726 siluit
914 1682 977 1743 per
999 1660 1225 1742 quatwuorscre
1247 1625 1377 1728 saecntd

256 1751 292 1816 iri
314 1751 375 1817 hac
397 1749 576 1833 pronuncio,
601 1756 769 1832 postquam
791 1749 978 1830 Wiufridus
1007 1749 1121 1815 incolis
1150 1749 1218 1814 cius
1246 1772 1376 1834 ecanpe·

256 1839 335 1906 tium
362 1839 483 1906 Christi
505 1838 738 1922 praedicanti.
783 1838 921 1904 Domum
950 1860 1019 1904 cum
1048 1859 1129 1904 saec.
1148 1838 1215 1902 XI.
1245 1845 1416 1905 cucumere

256 1930 318 1994 duo
337 1927 484 1994 comiobia
506 1927 631 1994 ordinis
654 1927 688 1994 S.
704 1925 881 2008 Benedicti,
905 1925 1069 1993 monacbis
1086 1926 1377 2010 Hirsoupiensi'bus

256 2019 342 2100 dato,
365 2018 505 2098 fundato
528 2022 637 2098 essent,
660 2037 741 2099 quae
764 2015 824 2082 cito
847 2017 925 2081 laete
947 2017 1168 2098 efflonierunt,
1197 2023 1377 2099 respectae

260 2105 479 2190 Thurinpicoe
501 2105 537 2170 in
559 2106 619 2172 hac
640 2105 714 2188 ipsa
731 2105 901 2188 prouincia
924 2105 1117 2188 conscriptae
1139 2111 1222 2181 suni,
1247 2127 1285 2171 ac
1307 2105 1376 2188 pui-

256 2197 326 2260 dem
347 2216 444 2277 usque
467 2197 512 2260 ad
531 2194 668 2260 ructum
689 2215 770 2260 saec.
785 2193 887 2259 XIV.
912 2215 1068 2276 nusquam
1084 2194 1152 2274 fere
1175 2192 1242 2259 nisi
1264 2193 1300 2259 in
1323 2194 1377 2260 his

256 2285 376 2349 duobus
408 2282 610 2348 monasteriis
638 2283 763 2348 Montis
794 2283 827 2348 S.
851 2281 942 2347 Petri
970 2282 1182 2364 Erfurdensis
1215 2289 1244 2348 et
1277 2283 1416 2349 Rein-so

256 2371 564 2438 hardsbrunnensi⁸.
606 2372 696 2440 Unde
711 2370 903 2454 posteriores
919 2371 1110 2451 omniafere
1131 2393 1211 2454 quae
1230 2373 1377 2438 derebus

256 2460 293 2526 iri
326 2459 512 2544 Thuriupia
545 2481 625 2526 saec.
655 2459 744 2526 XII.
774 2467 805 2525 ct
834 2459 947 2524 XIII.
979 2461 1075 2542 pestis
1107 2459 1302 2543 scripserunt
1336 2482 1377 2527 eu

257 2547 350 2616 tibris
371 2550 483 2616 horum
506 2549 723 2616 coenobiorum
745 2549 927 2615 hausurum.
974 2549 1019 2614 Et
1049 2571 1118 2614 cum
1147 2549 1206 2614 hac
1228 2549 1377 2616 ecciesiae

256 2658 380 2704 sorores
405 2645 506 2704 essent
535 2637 786 2720 conprepatioui‘s
808 2637 1056 2721 Hirsoupiensis
1064 2639 1085 2720 ⁹,
1109 2637 1220 2721 euenit,
1249 2645 1285 2703 ut
1313 2660 1375 2704 mo

258 2830 284 2898 1)
305 2829 399 2882 Etiam
410 2831 540 2884 Nicotaus
557 2831 588 2884 de
600 2830 692 2896 Siepen
709 2833 740 2882 in
757 2846 807 2883 suo
824 2832 908 2884 codice
920 2830 1048 2884 Gronicoe
1065 2831 1206 2883 modernae
1223 2847 1281 2884 eom
1299 2832 1375 2884 haud
1384 2843 1416 2884 25

255 2901 333 2953 dubie
357 2901 427 2968 lepti,
454 2903 504 2968 qni
519 2903 571 2967 (ed.
587 2901 687 2968 Wepeie
700 2918 730 2968 p.
743 2903 913 2966 ubo-252)
938 2901 1068 2954 nonnmia
1092 2918 1126 2952 ecc
1147 2918 1177 2954 eo
1195 2904 1373 2970 descripserit.

255 2972 283 3040 2)
300 2971 384 3024 Edita
402 2989 420 3023 o
433 2973 495 3026 Car.
510 2973 614 3037 Wench,
633 2972 769 3026 ‘Zeitsebm
786 2973 811 3026 d.
824 2973 855 3028 V.
873 2975 895 3037 s.
913 2973 1044 3039 Ihiiri'np.
1060 2973 1149 3026 Gisch.
1169 2989 1195 3026 re.
1209 2973 1263 3025 Au.
1282 2973 1318 3028 N.
1331 2973 1374 3027 F!

255 3043 306 3108 IV,
328 3059 357 3110 p.
370 3044 525 3100 247-250.
544 3050 567 3097 et
585 3044 672 3107 infra.
763 3045 791 3110 3)
814 3043 849 3096 Ire
866 3046 1006 3112 utriusque
1023 3045 1096 3108 fonte
1119 3046 1175 3095 irim
1193 3044 1322 3112 quoedom
1340 3059 1375 3096 erc

256 3115 335 3168 Oron.
354 3115 460 3166 Minore
477 3115 643 3179 Erfordensi
658 3117 794 3181 eccsuipto
811 3117 895 3179 fiii'iise
918 3115 1051 3180 uidentur,
1075 3117 1133 3168 nisi
1156 3117 1272 3168 canturi
1289 3117 1376 3168 mauis

255 3186 364 3237 erindcm
382 3186 531 3238 indiculum
551 3188 645 3252 potius
663 3202 680 3238 o
699 3186 790 3249 frome
807 3185 912 3239 Minore
930 3187 1096 3322 erfordensis·
1119 3189 1149 3238 in
1168 3187 1248 3240 Oron.
1267 3187 1416 3240 Minoreso

490 3255 735 3393 urnii
763 3257 970 3398 iiis.

254 3399 282 3467 b)
302 3397 432 3463 Ohrdruf
446 3400 502 3463 fuit
520 3399 584 3451 cetto
602 3367 762 3451 mondstsiii
778 3369 977 3464 Herssetdinsii
995 3400 1102 3466 ideoque
1069 3286 1374 3464 rieitii'iispiiromenti,

253 3472 376 3536 quamuis
393 3472 449 3522 iam
467 3487 488 3526 s.
501 3471 660 3535 Bonifatius
676 3470 724 3522 hcc
742 3471 796 3522 loeo
815 3473 1006 3523 monastirium
1024 3471 1172 3535 fundasset.
1254 3471 1282 3538 7)
1299 3439 1375 3533 Quod

253 3541 303 3595 Fr.
323 3540 358 3596 X
376 3541 480 3608 Wopete,
503 3543 572 3596 Ann.
591 3541 785 3597 Reinbordsbr
800 3559 829 3608 p.
848 3559 889 3597 r-
892 3560 935 3608 Χι,
952 3543 1013 3594 bene
1032 3545 1161 3609 mpcsuit.
1232 3542 1261 3609 8)
1281 3541 1314 3594 Si
1330 3543 1414 3596 de-so

253 3613 305 3662 mis
323 3611 434 3665 annates
452 3611 624 3678 brevissimos,
646 3628 759 3681 piorum
776 3613 907 3680 reliquiae
925 3615 1106 3681 reperiuntur,
1128 3613 1268 3666 Orontem
1286 3613 1376 3665 Mino-

253 3697 309 3734 rem
327 3682 429 3746 fratris
448 3685 553 3736 ordinis
570 3684 709 3737 Mincium
729 3683 915 3750 Erfordonsrs,
935 3685 1041 3748 Si'fridi
1057 3685 1089 3736 de
1107 3683 1261 3736 Batnhusi'n
1281 3683 1375 3737 Histo-

252 3755 325 3804 riam
343 3755 520 3806 universatem
537 3761 562 3808 ct
574 3754 763 3822 Compendiuin
781 3755 967 3820 historiarum,
986 3758 1017 3807 in
1034 3755 1131 3822 puibree
1144 3769 1235 3822 pauco
1253 3755 1284 3807 de
1295 3755 1375 3807 rebus

257 3823 432 3890 Thurinpicii
445 3826 579 3891 lepuntur.
602 3826 636 3878 In
650 3826 720 3879 Crito
733 3825 866 3878 Paulinae
878 3826 984 3878 ordinis
996 3826 1023 3881 S.
1035 3825 1172 3879 Benedicti
1181 3843 1246 3880 saec.
1257 3825 1325 3878 XII.
1335 3829 1374 3881 iri.

252 3893 371 3958 fundata
384 3901 407 3946 et
416 3898 446 3945 in
455 3899 614 3950 monasterio
623 3897 769 3962 Iisetdensi
780 3897 886 3948 ordinis
895 3897 1168 3950 Iraemonsbratenses
1180 3915 1206 3952 a.
1217 3900 1294 3953 1190.
1307 3897 1376 3960 sun-
1384 3911 1414 3950 io

252 3965 316 4017 doto
333 3971 438 4017 tantum
457 3967 540 4020 libelli
549 3971 692 4036 conscripti
707 3975 778 4032 sunt,
786 3971 846 4052 ιΞΞΞΞ·
856 3983 899 4021 res
915 3975 1003 4034 pestus
1020 3970 1141 4035 ipsorum
1153 3971 1375 4021 monasteriorum

252 4037 393 4092 continuit.
430 4036 464 4088 In
481 4037 610 4091 mnwbiis
631 4039 720 4090 Thuri
719 4040 804 4106 npicis
822 4039 926 4092 ordinis
945 4040 1125 4092 Gisurciensii
1141 4055 1207 4095 saio.
1220 4039 1287 4093 XII.
1307 4041 1376 4103 sun-

252 4107 332 4173 doti's,
353 4107 538 4174 (teorpeesthat,
564 4109 733 4178 Voiirenrode,
759 4109 971 4174 Ichterihamen,
996 4111 1175 4176 Woiheniied,
1201 4111 1310 4176 meto,
1330 4111 1377 4163 Si-

251 4177 331 4242 chenu
349 4185 496 4244 respectae
513 4195 567 4232 non
585 4150 747 4250 unicuprir
763 4189 835 4250 sunt,
853 4197 912 4234 cuni
925 4181 1049 4234 monachi
1065 4183 1147 4234 buius
1165 4181 1274 4234 ordinis
1291 4182 1376 4234 iiiito-

252 4251 311 4301 eice
328 4264 396 4301 roro
413 4251 574 4303 studuerint.
634 4255 660 4319 9)
677 4253 711 4304 In
724 4251 815 4306 Monte
832 4253 860 4308 S.
873 4254 950 4304 Petri
963 4253 1102 4338 ΞιΞίΞίΞΞΞΞ·
1089 4269 1146 4305 iam
1163 4255 1235 4305 circa
1254 4269 1279 4306 o.
1295 4255 1373 4308 1060.
1384 4263 1413 4304 io

251 4320 441 4373 monachorum
458 4321 607 4374 comobium
624 4325 770 4388 fundatum
782 4330 827 4390 est,
847 4326 981 4377 conmori
997 4325 1168 4390 repertoribus
1186 4323 1305 4391 eaputeis
1323 4325 1373 4388 (of.

254 4389 468 4458 O.,Dobenicher
488 4393 600 4460 Reputo
616 4394 783 4460 Thur-inpiae
801 4395 824 4460 Ι,
841 4413 870 4464 p.
885 4397 945 4460 173,
963 4412 1007 4450 nr.
1019 4397 1095 4462 827),
1114 4395 1160 4448 sed
1175 4401 1236 4463 post
1253 4411 1280 4450 a.
1293 4395 1375 4462 1085,
