<?xml version="1.0" encoding="UTF-8"?>
<!DOCTYPE html PUBLIC "-//W3C//DTD XHTML 1.0 Transitional//EN"
    "http://www.w3.org/TR/xhtml1/DTD/xhtml1-transitional.dtd">
<html xmlns="http://www.w3.org/1999/xhtml" xml:lang="en" lang="en">
 <head>
  <title>
</title>
<meta http-equiv="Content-Type" content="text/html;charset=utf-8" />
  <meta name='ocr-system' content='tesseract 3.04.00' />
  <meta name='ocr-capabilities' content='ocr_page ocr_carea ocr_par ocr_line ocrx_word'/>
</head>
<body>
  <div class='ocr_page' id='page_1' title='image "./monumentaerphes00monagoog_0233.png"; bbox 0 0 3162 5022; ppageno 0'>
   <div class='ocr_carea' id='block_1_1' title="bbox 271 500 1304 566">
    <p class='ocr_par' dir='ltr' id='par_1_1' title="bbox 271 500 1304 566">
     <span class='ocr_line' id='line_1_1' title="bbox 271 500 1304 566; baseline 0.004 -8"><span class='ocrx_word' id='word_1_1' title='bbox 271 501 438 558; x_wconf 82' lang='lat' dir='ltr'><strong>CRONIOA</strong></span> <span class='ocrx_word' id='word_1_2' title='bbox 450 501 478 560; x_wconf 87' lang='lat' dir='ltr'><strong>S.</strong></span> <span class='ocrx_word' id='word_1_3' title='bbox 487 501 604 557; x_wconf 77' lang='lat' dir='ltr'><strong>PETRI</strong></span> <span class='ocrx_word' id='word_1_4' title='bbox 616 500 878 557; x_wconf 79' lang='lat' dir='ltr'><strong>ERFORDENSIS</strong></span> <span class='ocrx_word' id='word_1_5' title='bbox 890 501 982 560; x_wconf 88' lang='lat' dir='ltr'><strong>MOD.</strong></span> <span class='ocrx_word' id='word_1_6' title='bbox 1002 503 1038 560; x_wconf 81' lang='lat' dir='ltr'><strong>A.</strong></span> <span class='ocrx_word' id='word_1_7' title='bbox 1050 507 1126 566; x_wconf 81' lang='lat'>1218.</span> <span class='ocrx_word' id='word_1_8' title='bbox 1139 509 1215 562; x_wconf 79' lang='lat'>1219.</span> <span class='ocrx_word' id='word_1_9' title='bbox 1252 508 1304 562; x_wconf 78' lang='lat'><strong>221</strong></span> 
     </span>
    </p>
   </div>
   <div class='ocr_carea' id='block_1_2' title="bbox 187 671 1393 823">
    <p class='ocr_par' dir='ltr' id='par_1_2' title="bbox 187 671 1393 823">
     <span class='ocr_line' id='line_1_2' title="bbox 188 671 1393 751; baseline 0.001 -17"><span class='ocrx_word' id='word_1_10' title='bbox 188 681 273 735; x_wconf 84' lang='lat' dir='ltr'><strong>n&#39;bilis</strong></span> <span class='ocrx_word' id='word_1_11' title='bbox 289 681 415 748; x_wconf 72' lang='lat' dir='ltr'><strong>fuscavit,</strong></span> <span class='ocrx_word' id='word_1_12' title='bbox 435 685 462 734; x_wconf 92' lang='lat' dir='ltr'><strong>et</strong></span> <span class='ocrx_word' id='word_1_13' title='bbox 480 681 518 734; x_wconf 89' lang='lat' dir='ltr'><strong>sic</strong></span> <span class='ocrx_word' id='word_1_14' title='bbox 535 681 618 750; x_wconf 83' lang='lat' dir='ltr'><strong>longo</strong></span> <span class='ocrx_word' id='word_1_15' title='bbox 637 683 727 734; x_wconf 88' lang='lat' dir='ltr'><strong>tractu</strong></span> <span class='ocrx_word' id='word_1_16' title='bbox 746 679 847 733; x_wconf 88' lang='lat' dir='ltr'><strong>doloris</strong></span> <span class='ocrx_word' id='word_1_17' title='bbox 865 679 961 734; x_wconf 83' lang='lat' dir='ltr'><strong>afflicti</strong></span> <span class='ocrx_word' id='word_1_18' title='bbox 980 698 1042 734; x_wconf 89' lang='lat' dir='ltr'><strong>cum</strong></span> <span class='ocrx_word' id='word_1_19' title='bbox 1060 683 1148 736; x_wconf 89' lang='lat' dir='ltr'><strong>multa</strong></span> <span class='ocrx_word' id='word_1_20' title='bbox 1165 682 1305 751; x_wconf 77' lang='lat' dir='ltr'><strong>paciencia</strong></span> <span class='ocrx_word' id='word_1_21' title='bbox 1316 671 1393 725; x_wconf 76' lang='lat'>1218·</span> 
     </span>
     <span class='ocr_line' id='line_1_3' title="bbox 187 750 1306 823; baseline 0.002 -17"><span class='ocrx_word' id='word_1_22' title='bbox 187 753 374 823; x_wconf 77' lang='lat' dir='ltr'><strong>migraverunt</strong></span> <span class='ocrx_word' id='word_1_23' title='bbox 397 751 432 806; x_wconf 89' lang='lat' dir='ltr'><strong>ad</strong></span> <span class='ocrx_word' id='word_1_24' title='bbox 456 751 604 805; x_wconf 87' lang='lat' dir='ltr'><strong>Dominum</strong></span> <span class='ocrx_word' id='word_1_25' title='bbox 629 751 749 820; x_wconf 89' lang='lat' dir='ltr'>plurimi.</span> <span class='ocrx_word' id='word_1_26' title='bbox 787 750 854 804; x_wconf 89' lang='lat' dir='ltr'><strong>Post</strong></span> <span class='ocrx_word' id='word_1_27' title='bbox 879 751 982 806; x_wconf 87' lang='lat' dir='ltr'><strong>dictam</strong></span> <span class='ocrx_word' id='word_1_28' title='bbox 1007 757 1197 821; x_wconf 75' lang='lat' dir='ltr'><strong>tempestatem</strong></span> <span class='ocrx_word' id='word_1_29' title='bbox 1222 771 1306 808; x_wconf 86' lang='lat' dir='ltr'><strong>naves</strong></span> 
     </span>
    </p>
   </div>
   <div class='ocr_carea' id='block_1_3' title="bbox 1315 741 1433 783">
    <p class='ocr_par' dir='ltr' id='par_1_3' title="bbox 1315 741 1433 783">
     <span class='ocr_line' id='line_1_4' title="bbox 1315 741 1433 783; baseline 0.008 -5"><span class='ocrx_word' id='word_1_30' title='bbox 1315 741 1369 782; x_wconf 82' lang='lat' dir='ltr'><strong>olio.</strong></span> <span class='ocrx_word' id='word_1_31' title='bbox 1377 751 1393 782; x_wconf 85' lang='lat' dir='ltr'><strong>e.</strong></span> <span class='ocrx_word' id='word_1_32' title='bbox 1401 742 1433 783; x_wconf 85' lang='lat'><strong>11.</strong></span> 
     </span>
    </p>
   </div>
   <div class='ocr_carea' id='block_1_4' title="bbox 149 822 1410 2029">
    <p class='ocr_par' dir='ltr' id='par_1_4' title="bbox 149 822 1410 2029">
     <span class='ocr_line' id='line_1_5' title="bbox 188 822 1306 893; baseline 0.002 -17"><span class='ocrx_word' id='word_1_33' title='bbox 188 825 358 892; x_wconf 87' lang='lat' dir='ltr'><strong>parabantur</strong></span> <span class='ocrx_word' id='word_1_34' title='bbox 386 829 421 877; x_wconf 87' lang='lat' dir='ltr'><strong>et</strong></span> <span class='ocrx_word' id='word_1_35' title='bbox 447 823 588 876; x_wconf 72' lang='lat' dir='ltr'>transitus</span> <span class='ocrx_word' id='word_1_36' title='bbox 614 822 742 889; x_wconf 87' lang='lat' dir='ltr'><strong>fluminis,</strong></span> <span class='ocrx_word' id='word_1_37' title='bbox 767 839 819 890; x_wconf 88' lang='lat' dir='ltr'><strong>que</strong></span> <span class='ocrx_word' id='word_1_38' title='bbox 847 839 910 875; x_wconf 92' lang='lat' dir='ltr'><strong>cum</strong></span> <span class='ocrx_word' id='word_1_39' title='bbox 937 839 1038 893; x_wconf 78' lang='lat' dir='ltr'><strong>magno</strong></span> <span class='ocrx_word' id='word_1_40' title='bbox 1059 824 1181 892; x_wconf 86' lang='lat' dir='ltr'><strong>periculo</strong></span> <span class='ocrx_word' id='word_1_41' title='bbox 1199 843 1306 878; x_wconf 70' lang='lat' dir='ltr'><strong>slusam</strong></span> 
     </span>
     <span class='ocr_line' id='line_1_6' title="bbox 186 893 1305 962; baseline 0 -14"><span class='ocrx_word' id='word_1_42' title='bbox 186 894 364 948; x_wconf 72' lang='lat' dir='ltr'><strong>ascendentes</strong></span> <span class='ocrx_word' id='word_1_43' title='bbox 381 896 454 948; x_wconf 88' lang='lat' dir='ltr'><strong>inter</strong></span> <span class='ocrx_word' id='word_1_44' title='bbox 472 893 612 948; x_wconf 89' lang='lat' dir='ltr'><strong>civitatem</strong></span> <span class='ocrx_word' id='word_1_45' title='bbox 637 898 665 947; x_wconf 90' lang='lat' dir='ltr'><strong>et</strong></span> <span class='ocrx_word' id='word_1_46' title='bbox 689 893 788 946; x_wconf 88' lang='lat' dir='ltr'><strong>turrim</strong></span> <span class='ocrx_word' id='word_1_47' title='bbox 807 897 916 962; x_wconf 87' lang='lat' dir='ltr'><strong>captam</strong></span> <span class='ocrx_word' id='word_1_48' title='bbox 935 893 998 962; x_wconf 79' lang='lat' dir='ltr'><strong>igne</strong></span> <span class='ocrx_word' id='word_1_49' title='bbox 1017 894 1107 948; x_wconf 86' lang='lat' dir='ltr'><strong>Greco</strong></span> <span class='ocrx_word' id='word_1_50' title='bbox 1127 901 1154 949; x_wconf 89' lang='lat' dir='ltr'><strong>et</strong></span> <span class='ocrx_word' id='word_1_51' title='bbox 1173 895 1305 948; x_wconf 87' lang='lat' dir='ltr'><strong>machinis</strong></span> 
     </span>
     <span class='ocr_line' id='line_1_7' title="bbox 152 963 1305 1034; baseline 0 -14"><span class='ocrx_word' id='word_1_52' title='bbox 152 981 250 1021; x_wconf 77' lang='lat' dir='ltr'><strong>ccum</strong></span> <span class='ocrx_word' id='word_1_53' title='bbox 276 965 373 1019; x_wconf 92' lang='lat' dir='ltr'><strong>iaculis</strong></span> <span class='ocrx_word' id='word_1_54' title='bbox 401 965 549 1034; x_wconf 91' lang='lat' dir='ltr'><strong>plurimum</strong></span> <span class='ocrx_word' id='word_1_55' title='bbox 576 968 639 1018; x_wconf 90' lang='lat' dir='ltr'><strong>sunt</strong></span> <span class='ocrx_word' id='word_1_56' title='bbox 665 964 805 1033; x_wconf 87' lang='lat' dir='ltr'><strong>impedite.</strong></span> <span class='ocrx_word' id='word_1_57' title='bbox 842 963 923 1019; x_wconf 88' lang='lat' dir='ltr'><strong>Unde</strong></span> <span class='ocrx_word' id='word_1_58' title='bbox 949 964 1057 1032; x_wconf 89' lang='lat' dir='ltr'><strong>accidit,</strong></span> <span class='ocrx_word' id='word_1_59' title='bbox 1083 969 1135 1018; x_wconf 70' lang='lat' dir='ltr'><strong>uta</strong></span> <span class='ocrx_word' id='word_1_60' title='bbox 1157 983 1211 1019; x_wconf 91' lang='lat' dir='ltr'><strong>una</strong></span> <span class='ocrx_word' id='word_1_61' title='bbox 1228 966 1305 1020; x_wconf 88' lang='lat' dir='ltr'><strong>navis</strong></span> 
     </span>
     <span class='ocr_line' id='line_1_8' title="bbox 185 1035 1305 1106; baseline 0.001 -16"><span class='ocrx_word' id='word_1_62' title='bbox 185 1036 407 1105; x_wconf 86' lang='lat' dir='ltr'><strong>Templariorum</strong></span> <span class='ocrx_word' id='word_1_63' title='bbox 419 1035 467 1090; x_wconf 75' lang='lat' dir='ltr'><strong>vib</strong></span> <span class='ocrx_word' id='word_1_64' title='bbox 480 1035 610 1090; x_wconf 85' lang='lat' dir='ltr'><strong>torrentis</strong></span> <span class='ocrx_word' id='word_1_65' title='bbox 622 1040 701 1104; x_wconf 90' lang='lat' dir='ltr'><strong>rapta</strong></span> <span class='ocrx_word' id='word_1_66' title='bbox 713 1052 799 1104; x_wconf 87' lang='lat' dir='ltr'><strong>prope</strong></span> <span class='ocrx_word' id='word_1_67' title='bbox 811 1035 900 1104; x_wconf 88' lang='lat' dir='ltr'><strong>ripam</strong></span> <span class='ocrx_word' id='word_1_68' title='bbox 913 1035 1030 1089; x_wconf 86' lang='lat' dir='ltr'><strong>civitatis</strong></span> <span class='ocrx_word' id='word_1_69' title='bbox 1048 1037 1259 1106; x_wconf 77' lang='lat' dir='ltr'><strong>precipitaretur</strong></span> <span class='ocrx_word' id='word_1_70' title='bbox 1270 1037 1305 1091; x_wconf 93' lang='lat' dir='ltr'><strong>ad</strong></span> 
     </span>
     <span class='ocr_line' id='line_1_9' title="bbox 184 1106 1304 1177; baseline 0.001 -17"><span class='ocrx_word' id='word_1_71' title='bbox 184 1108 292 1176; x_wconf 83' lang='lat' dir='ltr'><strong>hostes3</strong></span> <span class='ocrx_word' id='word_1_72' title='bbox 330 1107 435 1161; x_wconf 91' lang='lat' dir='ltr'><strong>uicum</strong></span> <span class='ocrx_word' id='word_1_73' title='bbox 449 1107 571 1161; x_wconf 88' lang='lat' dir='ltr'><strong>barbotis</strong></span> <span class='ocrx_word' id='word_1_74' title='bbox 588 1111 616 1160; x_wconf 88' lang='lat' dir='ltr'><strong>ct</strong></span> <span class='ocrx_word' id='word_1_75' title='bbox 627 1107 722 1160; x_wconf 70' lang='lat' dir='ltr'><strong>uncis⁰</strong></span> <span class='ocrx_word' id='word_1_76' title='bbox 740 1106 835 1160; x_wconf 80' lang='lat' dir='ltr'><strong>ferreis</strong></span> <span class='ocrx_word' id='word_1_77' title='bbox 853 1106 940 1175; x_wconf 88' lang='lat' dir='ltr'><strong>ipsam</strong></span> <span class='ocrx_word' id='word_1_78' title='bbox 958 1107 1179 1177; x_wconf 81' lang='lat' dir='ltr'><strong>inpugnaverunt</strong></span> <span class='ocrx_word' id='word_1_79' title='bbox 1192 1107 1304 1176; x_wconf 90' lang='lat' dir='ltr'><strong>diucius,</strong></span> 
     </span>
     <span class='ocr_line' id='line_1_10' title="bbox 185 1177 1305 1249; baseline 0 -17"><span class='ocrx_word' id='word_1_80' title='bbox 185 1177 300 1249; x_wconf 77' lang='lat' dir='ltr'><strong>ignemd</strong></span> <span class='ocrx_word' id='word_1_81' title='bbox 372 1196 435 1232; x_wconf 91' lang='lat' dir='ltr'><strong>cum</strong></span> <span class='ocrx_word' id='word_1_82' title='bbox 448 1195 511 1232; x_wconf 89' lang='lat' dir='ltr'><strong>cum</strong></span> <span class='ocrx_word' id='word_1_83' title='bbox 523 1177 659 1246; x_wconf 80' lang='lat' dir='ltr'>lapidibus</span> <span class='ocrx_word' id='word_1_84' title='bbox 671 1177 788 1246; x_wconf 86' lang='lat' dir='ltr'><strong>desuper</strong></span> <span class='ocrx_word' id='word_1_85' title='bbox 800 1177 834 1231; x_wconf 90' lang='lat' dir='ltr'><strong>de</strong></span> <span class='ocrx_word' id='word_1_86' title='bbox 846 1177 967 1232; x_wconf 80' lang='lat' dir='ltr'><strong>turribus</strong></span> <span class='ocrx_word' id='word_1_87' title='bbox 978 1177 1133 1248; x_wconf 87' lang='lat' dir='ltr'><strong>iacientes;</strong></span> <span class='ocrx_word' id='word_1_88' title='bbox 1150 1183 1179 1232; x_wconf 90' lang='lat' dir='ltr'><strong>et</strong></span> <span class='ocrx_word' id='word_1_89' title='bbox 1191 1197 1253 1233; x_wconf 90' lang='lat' dir='ltr'><strong>cum</strong></span> <span class='ocrx_word' id='word_1_90' title='bbox 1266 1179 1305 1233; x_wconf 90' lang='lat' dir='ltr'><strong>sic</strong></span> 
     </span>
     <span class='ocr_line' id='line_1_11' title="bbox 184 1248 1304 1319; baseline 0 -15"><span class='ocrx_word' id='word_1_91' title='bbox 184 1251 328 1318; x_wconf 82' lang='lat' dir='ltr'><strong>prevalere</strong></span> <span class='ocrx_word' id='word_1_92' title='bbox 337 1266 394 1303; x_wconf 90' lang='lat' dir='ltr'><strong>non</strong></span> <span class='ocrx_word' id='word_1_93' title='bbox 400 1252 511 1319; x_wconf 88' lang='lat' dir='ltr'><strong>possent</strong></span> <span class='ocrx_word' id='word_1_94' title='bbox 519 1253 632 1318; x_wconf 88' lang='lat' dir='ltr'><strong>propter</strong></span> <span class='ocrx_word' id='word_1_95' title='bbox 640 1248 806 1303; x_wconf 77' lang='lat' dir='ltr'><strong>defensores</strong></span> <span class='ocrx_word' id='word_1_96' title='bbox 819 1249 961 1316; x_wconf 88' lang='lat' dir='ltr'><strong>audaces,</strong></span> <span class='ocrx_word' id='word_1_97' title='bbox 975 1250 1101 1303; x_wconf 85' lang='lat' dir='ltr'><strong>certatim</strong></span> <span class='ocrx_word' id='word_1_98' title='bbox 1109 1249 1202 1303; x_wconf 84' lang='lat' dir='ltr'><strong>navim</strong></span> <span class='ocrx_word' id='word_1_99' title='bbox 1212 1267 1304 1304; x_wconf 87' lang='lat' dir='ltr'><strong>ascen-</strong></span> 
     </span>
     <span class='ocr_line' id='line_1_12' title="bbox 149 1319 1400 1390; baseline 0.002 -16"><span class='ocrx_word' id='word_1_100' title='bbox 149 1321 289 1388; x_wconf 79' lang='lat' dir='ltr'><strong>rodentes,</strong></span> <span class='ocrx_word' id='word_1_101' title='bbox 308 1321 455 1390; x_wconf 87' lang='lat' dir='ltr'><strong>precipites</strong></span> <span class='ocrx_word' id='word_1_102' title='bbox 473 1320 501 1372; x_wconf 93' lang='lat' dir='ltr'><strong>in</strong></span> <span class='ocrx_word' id='word_1_103' title='bbox 520 1338 580 1374; x_wconf 90' lang='lat' dir='ltr'><strong>eam</strong></span> <span class='ocrx_word' id='word_1_104' title='bbox 599 1319 797 1373; x_wconf 87' lang='lat' dir='ltr'><strong>descenderunt</strong></span> <span class='ocrx_word' id='word_1_105' title='bbox 816 1319 864 1373; x_wconf 76' lang='lat' dir='ltr'><strong>*ad</strong></span> <span class='ocrx_word' id='word_1_106' title='bbox 883 1320 1060 1389; x_wconf 85' lang='lat' dir='ltr'><strong>Templarios.</strong></span> <span class='ocrx_word' id='word_1_107' title='bbox 1088 1321 1145 1376; x_wconf 92' lang='lat' dir='ltr'><strong>Ubi</strong></span> <span class='ocrx_word' id='word_1_108' title='bbox 1163 1339 1226 1375; x_wconf 90' lang='lat' dir='ltr'><strong>cum</strong></span> <span class='ocrx_word' id='word_1_109' title='bbox 1244 1321 1304 1374; x_wconf 90' lang='lat' dir='ltr'><strong>diu·</strong></span> <span class='ocrx_word' id='word_1_110' title='bbox 1315 1333 1400 1382; x_wconf 67' lang='lat' dir='ltr'><strong>*arua</strong></span> 
     </span>
     <span class='ocr_line' id='line_1_13' title="bbox 186 1389 1304 1462; baseline 0.001 -17"><span class='ocrx_word' id='word_1_111' title='bbox 186 1392 244 1445; x_wconf 87' lang='lat' dir='ltr'><strong>cius</strong></span> <span class='ocrx_word' id='word_1_112' title='bbox 261 1397 439 1462; x_wconf 81' lang='lat' dir='ltr'><strong>pugnaretur,</strong></span> <span class='ocrx_word' id='word_1_113' title='bbox 457 1391 569 1445; x_wconf 87' lang='lat' dir='ltr'><strong>tandem</strong></span> <span class='ocrx_word' id='word_1_114' title='bbox 586 1391 663 1444; x_wconf 87' lang='lat' dir='ltr'><strong>navis</strong></span> <span class='ocrx_word' id='word_1_115' title='bbox 681 1389 828 1460; x_wconf 85' lang='lat' dir='ltr'><strong>perforata,</strong></span> <span class='ocrx_word' id='word_1_116' title='bbox 854 1391 910 1444; x_wconf 87' lang='lat' dir='ltr'><strong>sive</strong></span> <span class='ocrx_word' id='word_1_117' title='bbox 936 1409 952 1444; x_wconf 91' lang='lat' dir='ltr'><strong>a</strong></span> <span class='ocrx_word' id='word_1_118' title='bbox 969 1393 1069 1445; x_wconf 85' lang='lat' dir='ltr'><strong>nostris</strong></span> <span class='ocrx_word' id='word_1_119' title='bbox 1092 1393 1149 1446; x_wconf 90' lang='lat' dir='ltr'><strong>sive</strong></span> <span class='ocrx_word' id='word_1_120' title='bbox 1168 1394 1203 1446; x_wconf 95' lang='lat' dir='ltr'><strong>ab</strong></span> <span class='ocrx_word' id='word_1_121' title='bbox 1222 1392 1304 1446; x_wconf 85' lang='lat' dir='ltr'><strong>hosti·</strong></span> 
     </span>
     <span class='ocr_line' id='line_1_14' title="bbox 186 1461 1304 1534; baseline 0 -18"><span class='ocrx_word' id='word_1_122' title='bbox 186 1463 246 1531; x_wconf 88' lang='lat' dir='ltr'><strong>bus,</strong></span> <span class='ocrx_word' id='word_1_123' title='bbox 264 1464 400 1516; x_wconf 88' lang='lat' dir='ltr'><strong>incertum</strong></span> <span class='ocrx_word' id='word_1_124' title='bbox 418 1463 569 1531; x_wconf 87' lang='lat' dir='ltr'><strong>habetur,</strong></span> <span class='ocrx_word' id='word_1_125' title='bbox 587 1462 774 1532; x_wconf 79' lang='lat' dir='ltr'><strong>profundum0</strong></span> <span class='ocrx_word' id='word_1_126' title='bbox 791 1461 883 1532; x_wconf 90' lang='lat' dir='ltr'><strong>peciit,</strong></span> <span class='ocrx_word' id='word_1_127' title='bbox 902 1462 1078 1534; x_wconf 79' lang='lat' dir='ltr'><strong>submergens</strong></span> <span class='ocrx_word' id='word_1_128' title='bbox 1097 1461 1223 1533; x_wconf 84' lang='lat' dir='ltr'><strong>Egiptios</strong></span> <span class='ocrx_word' id='word_1_129' title='bbox 1242 1481 1304 1517; x_wconf 91' lang='lat' dir='ltr'><strong>cum</strong></span> 
     </span>
     <span class='ocr_line' id='line_1_15' title="bbox 186 1531 1304 1590; baseline 0.001 -3"><span class='ocrx_word' id='word_1_130' title='bbox 186 1533 354 1590; x_wconf 83' lang='lat' dir='ltr'><strong>Christianis.</strong></span> <span class='ocrx_word' id='word_1_131' title='bbox 383 1533 462 1588; x_wconf 74' lang='lat' dir='ltr'><strong>(lives</strong></span> <span class='ocrx_word' id='word_1_132' title='bbox 480 1538 572 1587; x_wconf 90' lang='lat' dir='ltr'><strong>autem</strong></span> <span class='ocrx_word' id='word_1_133' title='bbox 590 1531 738 1587; x_wconf 76' lang='lat' dir='ltr'><strong>Damiatef</strong></span> <span class='ocrx_word' id='word_1_134' title='bbox 754 1537 895 1586; x_wconf 89' lang='lat' dir='ltr'><strong>cruentam</strong></span> <span class='ocrx_word' id='word_1_135' title='bbox 914 1533 1056 1587; x_wconf 87' lang='lat' dir='ltr'><strong>victoriam</strong></span> <span class='ocrx_word' id='word_1_136' title='bbox 1074 1551 1150 1588; x_wconf 90' lang='lat' dir='ltr'><strong>suam</strong></span> <span class='ocrx_word' id='word_1_137' title='bbox 1169 1535 1226 1589; x_wconf 87' lang='lat' dir='ltr'><strong>fers</strong></span> <span class='ocrx_word' id='word_1_138' title='bbox 1244 1552 1304 1588; x_wconf 83' lang='lat' dir='ltr'><strong>sex</strong></span> 
     </span>
     <span class='ocr_line' id='line_1_16' title="bbox 187 1603 1304 1676; baseline 0.001 -18"><span class='ocrx_word' id='word_1_139' title='bbox 187 1604 283 1658; x_wconf 86' lang='lat' dir='ltr'><strong>diebus</strong></span> <span class='ocrx_word' id='word_1_140' title='bbox 309 1605 482 1674; x_wconf 81' lang='lat' dir='ltr'><strong>planxerunt.</strong></span> <span class='ocrx_word' id='word_1_141' title='bbox 520 1604 627 1659; x_wconf 84' lang='lat' dir='ltr'><strong>Exinde</strong></span> <span class='ocrx_word' id='word_1_142' title='bbox 651 1603 796 1674; x_wconf 78' lang='lat' dir='ltr'><strong>llgiptii</strong></span> <span class='ocrx_word' id='word_1_143' title='bbox 823 1609 936 1672; x_wconf 90' lang='lat' dir='ltr'><strong>pontem</strong></span> <span class='ocrx_word' id='word_1_144' title='bbox 961 1611 1127 1674; x_wconf 86' lang='lat' dir='ltr'><strong>reparantes,</strong></span> <span class='ocrx_word' id='word_1_145' title='bbox 1148 1610 1304 1676; x_wconf 88' lang='lat' dir='ltr'><strong>aperturam</strong></span> 
     </span>
     <span class='ocr_line' id='line_1_17' title="bbox 150 1674 1304 1748; baseline 0 -18"><span class='ocrx_word' id='word_1_146' title='bbox 150 1675 255 1730; x_wconf 74' lang='lat' dir='ltr'><strong>taedeo</strong></span> <span class='ocrx_word' id='word_1_147' title='bbox 266 1676 438 1744; x_wconf 85' lang='lat' dir='ltr'><strong>reliquerunt</strong></span> <span class='ocrx_word' id='word_1_148' title='bbox 454 1680 605 1746; x_wconf 80' lang='lat' dir='ltr'><strong>angustam,</strong></span> <span class='ocrx_word' id='word_1_149' title='bbox 623 1679 655 1728; x_wconf 92' lang='lat' dir='ltr'><strong>ut</strong></span> <span class='ocrx_word' id='word_1_150' title='bbox 673 1691 756 1728; x_wconf 86' lang='lat' dir='ltr'><strong>naves</strong></span> <span class='ocrx_word' id='word_1_151' title='bbox 774 1674 943 1729; x_wconf 80' lang='lat' dir='ltr'><strong>fidelium</strong></span> <span class='ocrx_word' id='word_1_152' title='bbox 962 1676 1019 1730; x_wconf 89' lang='lat' dir='ltr'><strong>siue</strong></span> <span class='ocrx_word' id='word_1_153' title='bbox 1036 1694 1163 1748; x_wconf 83' lang='lat' dir='ltr'><strong>magno</strong></span> <span class='ocrx_word' id='word_1_154' title='bbox 1182 1678 1304 1746; x_wconf 84' lang='lat' dir='ltr'><strong>periculo</strong></span> 
     </span>
     <span class='ocr_line' id='line_1_18' title="bbox 186 1745 1410 1816; baseline 0.005 -16"><span class='ocrx_word' id='word_1_155' title='bbox 186 1747 302 1800; x_wconf 87' lang='lat' dir='ltr'><strong>transire</strong></span> <span class='ocrx_word' id='word_1_156' title='bbox 314 1763 370 1800; x_wconf 89' lang='lat' dir='ltr'><strong>non</strong></span> <span class='ocrx_word' id='word_1_157' title='bbox 382 1753 499 1816; x_wconf 88' lang='lat' dir='ltr'><strong>possent.</strong></span> <span class='ocrx_word' id='word_1_158' title='bbox 519 1746 568 1816; x_wconf 83' lang='lat' dir='ltr'><strong>Qu</strong></span> <span class='ocrx_word' id='word_1_159' title='bbox 577 1764 625 1800; x_wconf 85' lang='lat' dir='ltr'><strong>eni</strong></span> <span class='ocrx_word' id='word_1_160' title='bbox 643 1745 788 1800; x_wconf 81' lang='lat' dir='ltr'><strong>Teutonici</strong></span> <span class='ocrx_word' id='word_1_161' title='bbox 801 1749 828 1800; x_wconf 90' lang='lat' dir='ltr'><strong>et</strong></span> <span class='ocrx_word' id='word_1_162' title='bbox 840 1745 965 1800; x_wconf 80' lang='lat' dir='ltr'><strong>Fiisones</strong></span> <span class='ocrx_word' id='word_1_163' title='bbox 977 1747 1037 1800; x_wconf 89' lang='lat' dir='ltr'><strong>vix</strong></span> <span class='ocrx_word' id='word_1_164' title='bbox 1049 1747 1144 1802; x_wconf 90' lang='lat' dir='ltr'><strong>decem</strong></span> <span class='ocrx_word' id='word_1_165' title='bbox 1157 1765 1303 1802; x_wconf 90' lang='lat' dir='ltr'><strong>numero</strong></span> <span class='ocrx_word' id='word_1_166' title='bbox 1313 1764 1341 1806; x_wconf 79' lang='grc' dir='ltr'><strong>ιι.</strong></span> <span class='ocrx_word' id='word_1_167' title='bbox 1351 1765 1410 1807; x_wconf 68' lang='lat' dir='ltr'><strong>aaa.</strong></span> 
     </span>
     <span class='ocr_line' id='line_1_19' title="bbox 186 1817 1303 1889; baseline 0.001 -18"><span class='ocrx_word' id='word_1_168' title='bbox 186 1818 302 1872; x_wconf 86' lang='lat' dir='ltr'><strong>viriliter</strong></span> <span class='ocrx_word' id='word_1_169' title='bbox 329 1818 552 1888; x_wconf 84' lang='lat' dir='ltr'><strong>confregerunt.</strong></span> <span class='ocrx_word' id='word_1_170' title='bbox 593 1817 727 1871; x_wconf 86' lang='lat' dir='ltr'><strong>Fracto</strong></span> <span class='ocrx_word' id='word_1_171' title='bbox 755 1817 912 1885; x_wconf 91' lang='lat' dir='ltr'><strong>denique</strong></span> <span class='ocrx_word' id='word_1_172' title='bbox 938 1823 1049 1887; x_wconf 88' lang='lat' dir='ltr'><strong>ponte</strong></span> <span class='ocrx_word' id='word_1_173' title='bbox 1080 1827 1114 1872; x_wconf 90' lang='lat' dir='ltr'><strong>et</strong></span> <span class='ocrx_word' id='word_1_174' title='bbox 1140 1820 1303 1889; x_wconf 88' lang='lat' dir='ltr'><strong>receptis</strong></span> 
     </span>
     <span class='ocr_line' id='line_1_20' title="bbox 186 1887 1303 1958; baseline 0.002 -16"><span class='ocrx_word' id='word_1_175' title='bbox 186 1888 280 1942; x_wconf 72' lang='lat' dir='ltr'>HH⁰¹</span> <span class='ocrx_word' id='word_1_176' title='bbox 294 1889 418 1956; x_wconf 88' lang='lat' dir='ltr'><strong>navibus,</strong></span> <span class='ocrx_word' id='word_1_177' title='bbox 437 1907 519 1958; x_wconf 88' lang='lat' dir='ltr'><strong>super</strong></span> <span class='ocrx_word' id='word_1_178' title='bbox 536 1906 603 1957; x_wconf 84' lang='lat' dir='ltr'><strong>quas</strong></span> <span class='ocrx_word' id='word_1_179' title='bbox 616 1893 675 1942; x_wconf 86' lang='lat' dir='ltr'><strong>crat</strong></span> <span class='ocrx_word' id='word_1_180' title='bbox 692 1905 760 1956; x_wconf 89' lang='lat' dir='ltr'><strong>pons</strong></span> <span class='ocrx_word' id='word_1_181' title='bbox 779 1887 916 1954; x_wconf 78' lang='lat' dir='ltr'><strong>fundatus,</strong></span> <span class='ocrx_word' id='word_1_182' title='bbox 934 1889 1036 1942; x_wconf 85' lang='lat' dir='ltr'><strong>reversi</strong></span> <span class='ocrx_word' id='word_1_183' title='bbox 1054 1894 1117 1943; x_wconf 88' lang='lat' dir='ltr'><strong>sunt</strong></span> <span class='ocrx_word' id='word_1_184' title='bbox 1133 1908 1196 1944; x_wconf 88' lang='lat' dir='ltr'><strong>cum</strong></span> <span class='ocrx_word' id='word_1_185' title='bbox 1208 1891 1303 1944; x_wconf 83' lang='lat' dir='ltr'><strong>trium·</strong></span> 
     </span>
     <span class='ocr_line' id='line_1_21' title="bbox 185 1959 1213 2029; baseline 0.004 -17"><span class='ocrx_word' id='word_1_186' title='bbox 185 1959 249 2029; x_wconf 89' lang='lat' dir='ltr'><strong>pho,</strong></span> <span class='ocrx_word' id='word_1_187' title='bbox 268 1960 385 2014; x_wconf 89' lang='lat' dir='ltr'><strong>liberam</strong></span> <span class='ocrx_word' id='word_1_188' title='bbox 403 1960 475 2014; x_wconf 90' lang='lat' dir='ltr'><strong>viam</strong></span> <span class='ocrx_word' id='word_1_189' title='bbox 494 1963 522 2014; x_wconf 92' lang='lat' dir='ltr'><strong>et</strong></span> <span class='ocrx_word' id='word_1_190' title='bbox 539 1964 663 2029; x_wconf 88' lang='lat' dir='ltr'><strong>apertam</strong></span> <span class='ocrx_word' id='word_1_191' title='bbox 681 1977 786 2013; x_wconf 88' lang='lat' dir='ltr'><strong>sursum</strong></span> <span class='ocrx_word' id='word_1_192' title='bbox 805 1959 1004 2013; x_wconf 87' lang='lat' dir='ltr'><strong>velificantibus</strong></span> <span class='ocrx_word' id='word_1_193' title='bbox 1021 1961 1213 2029; x_wconf 84' lang='lat' dir='ltr'><strong>relinquentes.</strong></span> 
     </span>
    </p>
   </div>
   <div class='ocr_carea' id='block_1_5' title="bbox 97 2035 1405 3652">
    <p class='ocr_par' dir='ltr' id='par_1_5' title="bbox 97 2035 1405 3652">
     <span class='ocr_line' id='line_1_22' title="bbox 150 2035 1304 2117; baseline -0.001 -14"><span class='ocrx_word' id='word_1_194' title='bbox 150 2065 178 2103; x_wconf 75' lang='lat' dir='ltr'><strong>ao</strong></span> <span class='ocrx_word' id='word_1_195' title='bbox 294 2038 395 2100; x_wconf 82' lang='lat' dir='ltr'><strong>Anno</strong></span> <span class='ocrx_word' id='word_1_196' title='bbox 419 2035 559 2101; x_wconf 86' lang='lat' dir='ltr'><strong>Domini</strong></span> <span class='ocrx_word' id='word_1_197' title='bbox 582 2035 776 2101; x_wconf 76' lang='lat' dir='ltr'>MOOXIX.</span> <span class='ocrx_word' id='word_1_198' title='bbox 823 2047 968 2102; x_wconf 80' lang='lat' dir='ltr'><strong>Sarraceni</strong></span> <span class='ocrx_word' id='word_1_199' title='bbox 992 2049 1154 2117; x_wconf 89' lang='lat' dir='ltr'><strong>periculum,</strong></span> <span class='ocrx_word' id='word_1_200' title='bbox 1174 2048 1247 2117; x_wconf 91' lang='lat' dir='ltr'><strong>quod</strong></span> <span class='ocrx_word' id='word_1_201' title='bbox 1266 2049 1304 2103; x_wconf 90' lang='lat' dir='ltr'><strong>eis</strong></span> 
     </span>
     <span class='ocr_line' id='line_1_23' title="bbox 185 2118 1303 2188; baseline 0 -16"><span class='ocrx_word' id='word_1_202' title='bbox 185 2119 355 2186; x_wconf 88' lang='lat' dir='ltr'><strong>imminebat,</strong></span> <span class='ocrx_word' id='word_1_203' title='bbox 373 2120 545 2174; x_wconf 89' lang='lat' dir='ltr'><strong>attendentes</strong></span> <span class='ocrx_word' id='word_1_204' title='bbox 562 2120 651 2188; x_wconf 86' lang='lat' dir='ltr'><strong>ripam</strong></span> <span class='ocrx_word' id='word_1_205' title='bbox 664 2118 888 2173; x_wconf 84' lang='lat' dir='ltr'><strong>Christianis</strong></span> <span class='ocrx_word' id='word_1_206' title='bbox 906 2122 1058 2188; x_wconf 90' lang='lat' dir='ltr'><strong>oppositam</strong></span> <span class='ocrx_word' id='word_1_207' title='bbox 1078 2119 1183 2173; x_wconf 81' lang='lat' dir='ltr'><strong>fossatis</strong></span> <span class='ocrx_word' id='word_1_208' title='bbox 1202 2125 1229 2173; x_wconf 91' lang='lat' dir='ltr'><strong>et</strong></span> <span class='ocrx_word' id='word_1_209' title='bbox 1247 2137 1303 2173; x_wconf 92' lang='lat' dir='ltr'><strong>ma·</strong></span> 
     </span>
     <span class='ocr_line' id='line_1_24' title="bbox 187 2190 1303 2245; baseline 0.001 -1"><span class='ocrx_word' id='word_1_210' title='bbox 187 2191 285 2244; x_wconf 92' lang='lat' dir='ltr'><strong>chinis</strong></span> <span class='ocrx_word' id='word_1_211' title='bbox 303 2191 462 2245; x_wconf 88' lang='lat' dir='ltr'><strong>munierunt</strong></span> <span class='ocrx_word' id='word_1_212' title='bbox 487 2208 526 2244; x_wconf 90' lang='lat' dir='ltr'><strong>ac</strong></span> <span class='ocrx_word' id='word_1_213' title='bbox 551 2195 607 2244; x_wconf 88' lang='lat' dir='ltr'><strong>tres</strong></span> <span class='ocrx_word' id='word_1_214' title='bbox 625 2190 734 2244; x_wconf 89' lang='lat' dir='ltr'><strong>ordines</strong></span> <span class='ocrx_word' id='word_1_215' title='bbox 752 2194 920 2244; x_wconf 89' lang='lat' dir='ltr'><strong>armatorum</strong></span> <span class='ocrx_word' id='word_1_216' title='bbox 938 2191 1052 2244; x_wconf 87' lang='lat' dir='ltr'><strong>stacioni</strong></span> <span class='ocrx_word' id='word_1_217' title='bbox 1070 2192 1181 2244; x_wconf 85' lang='lat' dir='ltr'><strong>navium</strong></span> <span class='ocrx_word' id='word_1_218' title='bbox 1199 2195 1303 2245; x_wconf 87' lang='lat' dir='ltr'><strong>nostra·</strong></span> 
     </span>
     <span class='ocr_line' id='line_1_25' title="bbox 186 2261 1303 2332; baseline 0.001 -18"><span class='ocrx_word' id='word_1_219' title='bbox 186 2267 246 2314; x_wconf 87' lang='lat' dir='ltr'><strong>tum</strong></span> <span class='ocrx_word' id='word_1_220' title='bbox 265 2265 519 2331; x_wconf 86' lang='lat' dir='ltr'><strong>contraposuerunt,</strong></span> <span class='ocrx_word' id='word_1_221' title='bbox 538 2261 626 2315; x_wconf 92' lang='lat' dir='ltr'><strong>duos</strong></span> <span class='ocrx_word' id='word_1_222' title='bbox 652 2261 777 2332; x_wconf 90' lang='lat' dir='ltr'><strong>peditum</strong></span> <span class='ocrx_word' id='word_1_223' title='bbox 804 2278 886 2330; x_wconf 84' lang='lat' dir='ltr'><strong>super</strong></span> <span class='ocrx_word' id='word_1_224' title='bbox 907 2262 1003 2331; x_wconf 87' lang='lat' dir='ltr'><strong>ripam,</strong></span> <span class='ocrx_word' id='word_1_225' title='bbox 1029 2262 1159 2328; x_wconf 81' lang='lat' dir='ltr'><strong>tercium</strong></span> <span class='ocrx_word' id='word_1_226' title='bbox 1177 2263 1303 2332; x_wconf 82' lang='lat' dir='ltr'><strong>longum</strong></span> 
     </span>
     <span class='ocr_line' id='line_1_26' title="bbox 187 2332 1391 2402; baseline 0.003 -16"><span class='ocrx_word' id='word_1_227' title='bbox 187 2335 216 2386; x_wconf 88' lang='lat' dir='ltr'><strong>et</strong></span> <span class='ocrx_word' id='word_1_228' title='bbox 232 2332 392 2398; x_wconf 84' lang='lat' dir='ltr'><strong>terribilem,</strong></span> <span class='ocrx_word' id='word_1_229' title='bbox 417 2332 580 2402; x_wconf 90' lang='lat' dir='ltr'><strong>lapidibus</strong></span> <span class='ocrx_word' id='word_1_230' title='bbox 604 2337 632 2387; x_wconf 90' lang='lat' dir='ltr'><strong>et</strong></span> <span class='ocrx_word' id='word_1_231' title='bbox 650 2333 724 2386; x_wconf 89' lang='lat' dir='ltr'><strong>telis</strong></span> <span class='ocrx_word' id='word_1_232' title='bbox 748 2333 898 2401; x_wconf 89' lang='lat' dir='ltr'><strong>plurimum</strong></span> <span class='ocrx_word' id='word_1_233' title='bbox 916 2333 1041 2387; x_wconf 89' lang='lat' dir='ltr'><strong>vexando</strong></span> <span class='ocrx_word' id='word_1_234' title='bbox 1060 2334 1209 2387; x_wconf 87' lang='lat' dir='ltr'><strong>stacionem</strong></span> <span class='ocrx_word' id='word_1_235' title='bbox 1228 2333 1391 2393; x_wconf 73' lang='lat' dir='ltr'><strong>cun-1219.</strong></span> 
     </span>
     <span class='ocr_line' id='line_1_27' title="bbox 151 2403 1405 2474; baseline -0.001 -16"><span class='ocrx_word' id='word_1_236' title='bbox 151 2403 344 2460; x_wconf 63' lang='lat' dir='ltr'><strong>aestiuorum,</strong></span> <span class='ocrx_word' id='word_1_237' title='bbox 381 2403 453 2458; x_wconf 85' lang='lat' dir='ltr'><strong>Sane</strong></span> <span class='ocrx_word' id='word_1_238' title='bbox 479 2408 561 2457; x_wconf 91' lang='lat' dir='ltr'><strong>nocte</strong></span> <span class='ocrx_word' id='word_1_239' title='bbox 587 2405 695 2458; x_wconf 90' lang='lat' dir='ltr'><strong>beate</strong></span> <span class='ocrx_word' id='word_1_240' title='bbox 713 2403 813 2473; x_wconf 82' lang='lat' dir='ltr'><strong>Agate,</strong></span> <span class='ocrx_word' id='word_1_241' title='bbox 839 2404 899 2457; x_wconf 89' lang='lat' dir='ltr'><strong>ubi</strong></span> <span class='ocrx_word' id='word_1_242' title='bbox 916 2408 1023 2457; x_wconf 87' lang='lat' dir='ltr'><strong>tantum</strong></span> <span class='ocrx_word' id='word_1_243' title='bbox 1041 2421 1173 2474; x_wconf 86' lang='lat' dir='ltr'><strong>pavorem</strong></span> <span class='ocrx_word' id='word_1_244' title='bbox 1191 2405 1303 2458; x_wconf 89' lang='lat' dir='ltr'><strong>soldano</strong></span> <span class='ocrx_word' id='word_1_245' title='bbox 1313 2417 1376 2457; x_wconf 73' lang='lat' dir='ltr'><strong>For.</strong></span> <span class='ocrx_word' id='word_1_246' title='bbox 1384 2416 1405 2457; x_wconf 76' lang='lat'><strong>5.</strong></span> 
     </span>
     <span class='ocr_line' id='line_1_28' title="bbox 187 2474 1303 2546; baseline 0.002 -18"><span class='ocrx_word' id='word_1_247' title='bbox 187 2478 221 2528; x_wconf 89' lang='lat' dir='ltr'><strong>et</strong></span> <span class='ocrx_word' id='word_1_248' title='bbox 232 2475 396 2528; x_wconf 86' lang='lat' dir='ltr'><strong>Babiloniis</strong></span> <span class='ocrx_word' id='word_1_249' title='bbox 407 2474 576 2529; x_wconf 90' lang='lat' dir='ltr'><strong>Dominus</strong></span> <span class='ocrx_word' id='word_1_250' title='bbox 594 2475 713 2542; x_wconf 85' lang='lat' dir='ltr'><strong>incussit,</strong></span> <span class='ocrx_word' id='word_1_251' title='bbox 732 2479 763 2528; x_wconf 91' lang='lat' dir='ltr'><strong>ut</strong></span> <span class='ocrx_word' id='word_1_252' title='bbox 780 2475 883 2528; x_wconf 87' lang='lat' dir='ltr'><strong>relictis</strong></span> <span class='ocrx_word' id='word_1_253' title='bbox 896 2476 996 2544; x_wconf 88' lang='lat' dir='ltr'><strong>castris,</strong></span> <span class='ocrx_word' id='word_1_254' title='bbox 1016 2475 1205 2546; x_wconf 77' lang='lat' dir='ltr'><strong>ignorantibus</strong></span> <span class='ocrx_word' id='word_1_255' title='bbox 1218 2477 1303 2530; x_wconf 90' lang='lat' dir='ltr'><strong>eciam</strong></span> 
     </span>
     <span class='ocr_line' id='line_1_29' title="bbox 187 2544 1303 2618; baseline 0.003 -19"><span class='ocrx_word' id='word_1_256' title='bbox 187 2544 315 2616; x_wconf 76' lang='lat' dir='ltr'><strong>Egipciis,</strong></span> <span class='ocrx_word' id='word_1_257' title='bbox 335 2563 402 2614; x_wconf 91' lang='lat' dir='ltr'><strong>quos</strong></span> <span class='ocrx_word' id='word_1_258' title='bbox 420 2547 455 2600; x_wconf 86' lang='lat' dir='ltr'><strong>ad</strong></span> <span class='ocrx_word' id='word_1_259' title='bbox 474 2546 654 2600; x_wconf 85' lang='lat' dir='ltr'><strong>resistendum</strong></span> <span class='ocrx_word' id='word_1_260' title='bbox 672 2545 855 2614; x_wconf 83' lang='lat' dir='ltr'><strong>ordinaverat,</strong></span> <span class='ocrx_word' id='word_1_261' title='bbox 880 2547 908 2600; x_wconf 92' lang='lat' dir='ltr'><strong>in</strong></span> <span class='ocrx_word' id='word_1_262' title='bbox 927 2547 985 2600; x_wconf 92' lang='lat' dir='ltr'><strong>sola</strong></span> <span class='ocrx_word' id='word_1_263' title='bbox 1002 2547 1069 2617; x_wconf 82' lang='lat' dir='ltr'><strong>fuga</strong></span> <span class='ocrx_word' id='word_1_264' title='bbox 1087 2565 1163 2618; x_wconf 86' lang='lat' dir='ltr'><strong>spem</strong></span> <span class='ocrx_word' id='word_1_265' title='bbox 1181 2553 1303 2616; x_wconf 86' lang='lat' dir='ltr'><strong>poneret.</strong></span> 
     </span>
     <span class='ocr_line' id='line_1_30' title="bbox 187 2615 1303 2688; baseline 0.002 -19"><span class='ocrx_word' id='word_1_266' title='bbox 187 2615 305 2686; x_wconf 72' lang='lat' dir='ltr'><strong>Quidam</strong></span> <span class='ocrx_word' id='word_1_267' title='bbox 331 2622 424 2671; x_wconf 89' lang='lat' dir='ltr'><strong>autem</strong></span> <span class='ocrx_word' id='word_1_268' title='bbox 450 2622 582 2686; x_wconf 85' lang='lat' dir='ltr'><strong>apostata,</strong></span> <span class='ocrx_word' id='word_1_269' title='bbox 610 2617 656 2686; x_wconf 90' lang='lat' dir='ltr'><strong>qui</strong></span> <span class='ocrx_word' id='word_1_270' title='bbox 684 2618 791 2687; x_wconf 83' lang='lat' dir='ltr'><strong>longo</strong></span> <span class='ocrx_word' id='word_1_271' title='bbox 819 2621 944 2686; x_wconf 88' lang='lat' dir='ltr'><strong>tempore</strong></span> <span class='ocrx_word' id='word_1_272' title='bbox 970 2619 1060 2688; x_wconf 86' lang='lat' dir='ltr'><strong>legem</strong></span> <span class='ocrx_word' id='word_1_273' title='bbox 1087 2617 1303 2673; x_wconf 82' lang='lat' dir='ltr'><strong>Christianorum</strong></span> 
     </span>
     <span class='ocr_line' id='line_1_31' title="bbox 187 2688 1303 2760; baseline 0.003 -19"><span class='ocrx_word' id='word_1_274' title='bbox 187 2691 368 2758; x_wconf 80' lang='lat' dir='ltr'><strong>transgressus</strong></span> <span class='ocrx_word' id='word_1_275' title='bbox 395 2707 457 2742; x_wconf 90' lang='lat' dir='ltr'><strong>cum</strong></span> <span class='ocrx_word' id='word_1_276' title='bbox 484 2689 619 2743; x_wconf 65' lang='lat' dir='ltr'><strong>soldano&amp;</strong></span> <span class='ocrx_word' id='word_1_277' title='bbox 639 2688 813 2754; x_wconf 85' lang='lat' dir='ltr'><strong>militaverat,</strong></span> <span class='ocrx_word' id='word_1_278' title='bbox 839 2692 911 2742; x_wconf 91' lang='lat' dir='ltr'><strong>stans</strong></span> <span class='ocrx_word' id='word_1_279' title='bbox 929 2689 957 2742; x_wconf 90' lang='lat' dir='ltr'><strong>in</strong></span> <span class='ocrx_word' id='word_1_280' title='bbox 976 2689 1089 2744; x_wconf 90' lang='lat' dir='ltr'><strong>litore</strong></span> <span class='ocrx_word' id='word_1_281' title='bbox 1113 2691 1179 2760; x_wconf 82' lang='lat' dir='ltr'><strong>ripe</strong></span> <span class='ocrx_word' id='word_1_282' title='bbox 1198 2690 1303 2745; x_wconf 84' lang='lat' dir='ltr'><strong>Gallice</strong></span> 
     </span>
     <span class='ocr_line' id='line_1_32' title="bbox 154 2758 1303 2830; baseline 0 -16"><span class='ocrx_word' id='word_1_283' title='bbox 154 2759 336 2814; x_wconf 80' lang='lat' dir='ltr'><strong>acclamabat:</strong></span> <span class='ocrx_word' id='word_1_284' title='bbox 357 2758 456 2828; x_wconf 76' lang='lat' dir='ltr'><strong>‘Quare</strong></span> <span class='ocrx_word' id='word_1_285' title='bbox 475 2759 639 2813; x_wconf 83' lang='lat' dir='ltr'><strong>moramini?</strong></span> <span class='ocrx_word' id='word_1_286' title='bbox 666 2759 739 2829; x_wconf 77' lang='lat' dir='ltr'><strong>Quid</strong></span> <span class='ocrx_word' id='word_1_287' title='bbox 757 2759 918 2828; x_wconf 81' lang='lat' dir='ltr'><strong>trepidatis?</strong></span> <span class='ocrx_word' id='word_1_288' title='bbox 946 2759 1101 2814; x_wconf 79' lang='lat' dir='ltr'><strong>Soldanush</strong></span> <span class='ocrx_word' id='word_1_289' title='bbox 1115 2762 1200 2817; x_wconf 87' lang='lat' dir='ltr'><strong>abiit&#39;.</strong></span> <span class='ocrx_word' id='word_1_290' title='bbox 1228 2759 1303 2830; x_wconf 81' lang='lat' dir='ltr'><strong>Quo</strong></span> 
     </span>
     <span class='ocr_line' id='line_1_33' title="bbox 187 2829 1304 2902; baseline 0.002 -20"><span class='ocrx_word' id='word_1_291' title='bbox 187 2829 259 2883; x_wconf 84' lang='lat' dir='ltr'><strong>dicto</strong></span> <span class='ocrx_word' id='word_1_292' title='bbox 278 2847 306 2884; x_wconf 89' lang='lat' dir='ltr'><strong>se</strong></span> <span class='ocrx_word' id='word_1_293' title='bbox 325 2830 354 2883; x_wconf 89' lang='lat' dir='ltr'><strong>in</strong></span> <span class='ocrx_word' id='word_1_294' title='bbox 371 2829 514 2885; x_wconf 81' lang='lat' dir='ltr'><strong>naviculal</strong></span> <span class='ocrx_word' id='word_1_295' title='bbox 540 2830 756 2884; x_wconf 85' lang='lat' dir='ltr'><strong>Christianorum</strong></span> <span class='ocrx_word' id='word_1_296' title='bbox 783 2830 869 2898; x_wconf 92' lang='lat' dir='ltr'><strong>recipi</strong></span> <span class='ocrx_word' id='word_1_297' title='bbox 895 2832 1053 2900; x_wconf 90' lang='lat' dir='ltr'><strong>postulavit,</strong></span> <span class='ocrx_word' id='word_1_298' title='bbox 1073 2833 1150 2885; x_wconf 90' lang='lat' dir='ltr'><strong>utin</strong></span> <span class='ocrx_word' id='word_1_299' title='bbox 1167 2836 1304 2902; x_wconf 88' lang='lat' dir='ltr'><strong>potestate</strong></span> 
     </span>
     <span class='ocr_line' id='line_1_34' title="bbox 97 2900 1303 2972; baseline -0.002 -13"><span class='ocrx_word' id='word_1_300' title='bbox 97 2908 281 2959; x_wconf 65' lang='lat' dir='ltr'><strong>&#39;abacorum</strong></span> <span class='ocrx_word' id='word_1_301' title='bbox 301 2901 417 2970; x_wconf 80' lang='lat' dir='ltr'><strong>&#39;positus</strong></span> <span class='ocrx_word' id='word_1_302' title='bbox 432 2900 516 2956; x_wconf 88' lang='lat' dir='ltr'><strong>fidam</strong></span> <span class='ocrx_word' id='word_1_303' title='bbox 534 2901 614 2956; x_wconf 85' lang='lat' dir='ltr'><strong>dictis</strong></span> <span class='ocrx_word' id='word_1_304' title='bbox 633 2901 742 2956; x_wconf 83' lang='lat' dir='ltr'><strong>faceret.</strong></span> <span class='ocrx_word' id='word_1_305' title='bbox 771 2900 886 2956; x_wconf 85' lang='lat' dir='ltr'><strong>Summo</strong></span> <span class='ocrx_word' id='word_1_306' title='bbox 905 2902 990 2972; x_wconf 81' lang='lat' dir='ltr'><strong>igitur</strong></span> <span class='ocrx_word' id='word_1_307' title='bbox 1008 2902 1163 2970; x_wconf 69' lang='lat' dir='ltr'><strong>dilucidok,</strong></span> <span class='ocrx_word' id='word_1_308' title='bbox 1182 2921 1244 2957; x_wconf 91' lang='lat' dir='ltr'><strong>cum</strong></span> <span class='ocrx_word' id='word_1_309' title='bbox 1262 2903 1303 2956; x_wconf 93' lang='lat' dir='ltr'><strong>in·</strong></span> 
     </span>
     <span class='ocr_line' id='line_1_35' title="bbox 187 2971 1304 3042; baseline 0.003 -17"><span class='ocrx_word' id='word_1_310' title='bbox 187 2971 315 3026; x_wconf 88' lang='lat' dir='ltr'><strong>choatum</strong></span> <span class='ocrx_word' id='word_1_311' title='bbox 333 2977 403 3027; x_wconf 88' lang='lat' dir='ltr'><strong>asset</strong></span> <span class='ocrx_word' id='word_1_312' title='bbox 421 2972 543 3026; x_wconf 85' lang='lat' dir='ltr'><strong>officium</strong></span> <span class='ocrx_word' id='word_1_313' title='bbox 562 2972 617 3026; x_wconf 92' lang='lat' dir='ltr'><strong>diei</strong></span> <span class='ocrx_word' id='word_1_314' title='bbox 635 2971 697 3026; x_wconf 78' lang='lat' dir='ltr'><strong>sesti</strong></span> <span class='ocrx_word' id='word_1_315' title='bbox 714 2989 765 3042; x_wconf 87' lang='lat' dir='ltr'><strong>par</strong></span> <span class='ocrx_word' id='word_1_316' title='bbox 782 2973 902 3026; x_wconf 87' lang='lat' dir='ltr'><strong>oratoria</strong></span> <span class='ocrx_word' id='word_1_317' title='bbox 922 2971 1153 3026; x_wconf 76' lang='lat' dir='ltr'><strong>Christianorum:</strong></span> <span class='ocrx_word' id='word_1_318' title='bbox 1181 2976 1304 3028; x_wconf 80' lang='lat' dir='ltr'><strong>Gaudeo-</strong></span> 
     </span>
     <span class='ocr_line' id='line_1_36' title="bbox 186 3042 1302 3114; baseline 0.001 -19"><span class='ocrx_word' id='word_1_319' title='bbox 186 3059 245 3096; x_wconf 78' lang='lat' dir='ltr'><strong>mus</strong></span> <span class='ocrx_word' id='word_1_320' title='bbox 262 3060 350 3097; x_wconf 76' lang='lat' dir='ltr'><strong>omnes</strong></span> <span class='ocrx_word' id='word_1_321' title='bbox 376 3047 406 3096; x_wconf 79' lang='grc' dir='ltr'><strong>ιἰι</strong></span> <span class='ocrx_word' id='word_1_322' title='bbox 423 3045 546 3111; x_wconf 70' lang='lat' dir='ltr'><strong>Danao,</strong></span> <span class='ocrx_word' id='word_1_323' title='bbox 566 3043 707 3097; x_wconf 89' lang='lat' dir='ltr'><strong>nunctiata</strong></span> <span class='ocrx_word' id='word_1_324' title='bbox 734 3047 796 3096; x_wconf 88' lang='lat' dir='ltr'><strong>sunt</strong></span> <span class='ocrx_word' id='word_1_325' title='bbox 813 3044 865 3097; x_wconf 87' lang='lat' dir='ltr'><strong>hoc</strong></span> <span class='ocrx_word' id='word_1_326' title='bbox 883 3042 992 3114; x_wconf 83' lang='lat' dir='ltr'><strong>legatol</strong></span> <span class='ocrx_word' id='word_1_327' title='bbox 1019 3049 1047 3097; x_wconf 86' lang='lat' dir='ltr'><strong>et</strong></span> <span class='ocrx_word' id='word_1_328' title='bbox 1065 3044 1155 3098; x_wconf 78' lang='lat' dir='ltr'><strong>aliia1¹¹</strong></span> <span class='ocrx_word' id='word_1_329' title='bbox 1174 3044 1302 3114; x_wconf 90' lang='lat' dir='ltr'><strong>principi-</strong></span> 
     </span>
     <span class='ocr_line' id='line_1_37' title="bbox 154 3113 1302 3184; baseline 0.005 -22"><span class='ocrx_word' id='word_1_330' title='bbox 154 3113 245 3168; x_wconf 78' lang='lat' dir='ltr'><strong>atbus.</strong></span> <span class='ocrx_word' id='word_1_331' title='bbox 275 3113 374 3184; x_wconf 90' lang='lat' dir='ltr'><strong>Itaque</strong></span> <span class='ocrx_word' id='word_1_332' title='bbox 391 3113 560 3184; x_wconf 79' lang='lat' dir='ltr'><strong>fugientibus</strong></span> <span class='ocrx_word' id='word_1_333' title='bbox 572 3113 691 3184; x_wconf 80' lang='lat' dir='ltr'><strong>Egiptiis</strong></span> <span class='ocrx_word' id='word_1_334' title='bbox 709 3118 870 3168; x_wconf 89' lang='lat' dir='ltr'><strong>nostrates</strong></span> <span class='ocrx_word' id='word_1_335' title='bbox 889 3115 1013 3169; x_wconf 87' lang='lat' dir='ltr'><strong>certatim</strong></span> <span class='ocrx_word' id='word_1_336' title='bbox 1032 3119 1080 3169; x_wconf 85' lang='lat' dir='ltr'><strong>et¹¹</strong></span> <span class='ocrx_word' id='word_1_337' title='bbox 1103 3117 1229 3169; x_wconf 87' lang='lat' dir='ltr'><strong>alacriter</strong></span> <span class='ocrx_word' id='word_1_338' title='bbox 1241 3116 1302 3168; x_wconf 84' lang='lat' dir='ltr'><strong>abs·</strong></span> 
     </span>
     <span class='ocr_line' id='line_1_38' title="bbox 188 3184 1302 3255; baseline 0 -17"><span class='ocrx_word' id='word_1_339' title='bbox 188 3201 239 3253; x_wconf 87' lang='lat' dir='ltr'><strong>qus</strong></span> <span class='ocrx_word' id='word_1_340' title='bbox 256 3185 332 3238; x_wconf 90' lang='lat' dir='ltr'><strong>omni</strong></span> <span class='ocrx_word' id='word_1_341' title='bbox 351 3185 547 3255; x_wconf 88' lang='lat' dir='ltr'><strong>impedimento</strong></span> <span class='ocrx_word' id='word_1_342' title='bbox 566 3185 739 3241; x_wconf 85' lang='lat' dir='ltr'><strong>transierunt.</strong></span> <span class='ocrx_word' id='word_1_343' title='bbox 776 3184 925 3254; x_wconf 86' lang='lat' dir='ltr'><strong>Templarii</strong></span> <span class='ocrx_word' id='word_1_344' title='bbox 951 3185 1084 3254; x_wconf 88' lang='lat' dir='ltr'><strong>preduces</strong></span> <span class='ocrx_word' id='word_1_345' title='bbox 1101 3187 1130 3240; x_wconf 91' lang='lat' dir='ltr'><strong>in</strong></span> <span class='ocrx_word' id='word_1_346' title='bbox 1148 3203 1302 3240; x_wconf 88' lang='lat' dir='ltr'><strong>ascensum</strong></span> 
     </span>
     <span class='ocr_line' id='line_1_39' title="bbox 188 3256 1301 3327; baseline 0.001 -18"><span class='ocrx_word' id='word_1_347' title='bbox 188 3272 317 3324; x_wconf 89' lang='lat' dir='ltr'><strong>equorum</strong></span> <span class='ocrx_word' id='word_1_348' title='bbox 345 3257 442 3310; x_wconf 89' lang='lat' dir='ltr'><strong>erectis</strong></span> <span class='ocrx_word' id='word_1_349' title='bbox 469 3256 553 3326; x_wconf 81' lang='lat' dir='ltr'><strong>signis</strong></span> <span class='ocrx_word' id='word_1_350' title='bbox 582 3273 700 3327; x_wconf 91' lang='lat' dir='ltr'><strong>propero</strong></span> <span class='ocrx_word' id='word_1_351' title='bbox 731 3273 810 3310; x_wconf 84' lang='lat' dir='ltr'><strong>cursu</strong></span> <span class='ocrx_word' id='word_1_352' title='bbox 841 3257 876 3310; x_wconf 91' lang='lat' dir='ltr'><strong>ad</strong></span> <span class='ocrx_word' id='word_1_353' title='bbox 903 3257 1042 3310; x_wconf 87' lang='lat' dir='ltr'><strong>civitatem</strong></span> <span class='ocrx_word' id='word_1_354' title='bbox 1070 3261 1301 3326; x_wconf 87' lang='lat' dir='ltr'><strong>pervenerunt,</strong></span> 
     </span>
     <span class='ocr_line' id='line_1_40' title="bbox 189 3327 1404 3398; baseline 0.002 -18"><span class='ocrx_word' id='word_1_355' title='bbox 189 3329 349 3381; x_wconf 77' lang='lat' dir='ltr'><strong>&#39;sternentes</strong></span> <span class='ocrx_word' id='word_1_356' title='bbox 375 3327 502 3396; x_wconf 88' lang='lat' dir='ltr'><strong>perfidos,</strong></span> <span class='ocrx_word' id='word_1_357' title='bbox 530 3328 577 3396; x_wconf 89' lang='lat' dir='ltr'><strong>qui</strong></span> <span class='ocrx_word' id='word_1_358' title='bbox 602 3327 732 3381; x_wconf 89' lang='lat' dir='ltr'><strong>audacter</strong></span> <span class='ocrx_word' id='word_1_359' title='bbox 755 3328 841 3396; x_wconf 90' lang='lat' dir='ltr'><strong>portis</strong></span> <span class='ocrx_word' id='word_1_360' title='bbox 869 3328 970 3398; x_wconf 84' lang='lat' dir='ltr'><strong>egressi</strong></span> <span class='ocrx_word' id='word_1_361' title='bbox 989 3328 1159 3382; x_wconf 88' lang='lat' dir='ltr'><strong>venientibus</strong></span> <span class='ocrx_word' id='word_1_362' title='bbox 1178 3337 1404 3386; x_wconf 59' lang='lat' dir='ltr'><strong>occurre-*filsea</strong></span> 
     </span>
     <span class='ocr_line' id='line_1_41' title="bbox 187 3397 1302 3468; baseline -0.001 -17"><span class='ocrx_word' id='word_1_363' title='bbox 187 3401 258 3453; x_wconf 86' lang='lat' dir='ltr'><strong>runt.</strong></span> <span class='ocrx_word' id='word_1_364' title='bbox 293 3397 378 3451; x_wconf 87' lang='lat' dir='ltr'><strong>Multi</strong></span> <span class='ocrx_word' id='word_1_365' title='bbox 404 3399 559 3468; x_wconf 88' lang='lat' dir='ltr'><strong>bellatores,</strong></span> <span class='ocrx_word' id='word_1_366' title='bbox 586 3399 688 3452; x_wconf 88' lang='lat' dir='ltr'><strong>relictis</strong></span> <span class='ocrx_word' id='word_1_367' title='bbox 716 3398 847 3452; x_wconf 86' lang='lat' dir='ltr'><strong>uxoribus</strong></span> <span class='ocrx_word' id='word_1_368' title='bbox 874 3405 901 3453; x_wconf 88' lang='lat' dir='ltr'><strong>et</strong></span> <span class='ocrx_word' id='word_1_369' title='bbox 928 3399 1057 3468; x_wconf 87' lang='lat' dir='ltr'><strong>parvulis,</strong></span> <span class='ocrx_word' id='word_1_370' title='bbox 1082 3398 1171 3453; x_wconf 88' lang='lat' dir='ltr'><strong>territi</strong></span> <span class='ocrx_word' id='word_1_371' title='bbox 1189 3403 1302 3468; x_wconf 87' lang='lat' dir='ltr'><strong>propter</strong></span> 
     </span>
     <span class='ocr_line' id='line_1_42' title="bbox 154 3468 1302 3541; baseline -0.001 -18"><span class='ocrx_word' id='word_1_372' title='bbox 154 3468 355 3538; x_wconf 79' lang='lat' dir='ltr'><strong>ninopinatum</strong></span> <span class='ocrx_word' id='word_1_373' title='bbox 373 3470 517 3523; x_wconf 87' lang='lat' dir='ltr'><strong>transitum</strong></span> <span class='ocrx_word' id='word_1_374' title='bbox 535 3470 676 3541; x_wconf 76' lang='lat' dir='ltr'><strong>fugierunt</strong></span> <span class='ocrx_word' id='word_1_375' title='bbox 700 3469 735 3524; x_wconf 88' lang='lat' dir='ltr'><strong>de</strong></span> <span class='ocrx_word' id='word_1_376' title='bbox 753 3469 888 3538; x_wconf 90' lang='lat' dir='ltr'><strong>Damiata,</strong></span> <span class='ocrx_word' id='word_1_377' title='bbox 915 3475 942 3524; x_wconf 90' lang='lat' dir='ltr'><strong>et</strong></span> <span class='ocrx_word' id='word_1_378' title='bbox 961 3469 998 3524; x_wconf 85' lang='lat' dir='ltr'><strong>sio</strong></span> <span class='ocrx_word' id='word_1_379' title='bbox 1016 3486 1067 3539; x_wconf 86' lang='lat' dir='ltr'><strong>per</strong></span> <span class='ocrx_word' id='word_1_380' title='bbox 1083 3470 1175 3540; x_wconf 79' lang='lat' dir='ltr'><strong>ginim</strong></span> <span class='ocrx_word' id='word_1_381' title='bbox 1194 3470 1302 3524; x_wconf 88' lang='lat' dir='ltr'><strong>obsessa</strong></span> 
     </span>
     <span class='ocr_line' id='line_1_43' title="bbox 188 3539 347 3598; baseline 0.025 -4"><span class='ocrx_word' id='word_1_382' title='bbox 188 3544 226 3594; x_wconf 90' lang='lat' dir='ltr'><strong>est</strong></span> <span class='ocrx_word' id='word_1_383' title='bbox 244 3539 347 3598; x_wconf 88' lang='lat' dir='ltr'><strong>civitas.</strong></span> 
     </span>
     <span class='ocr_line' id='line_1_44' title="bbox 1310 3606 1403 3652; baseline 0.097 -8"><span class='ocrx_word' id='word_1_384' title='bbox 1310 3606 1403 3652; x_wconf 70' lang='lat' dir='ltr'><strong>lbalb.</strong></span> 
     </span>
    </p>
   </div>
   <div class='ocr_carea' id='block_1_6' title="bbox 188 3616 1418 3842">
    <p class='ocr_par' dir='ltr' id='par_1_6' title="bbox 188 3616 1418 3842">
     <span class='ocr_line' id='line_1_45' title="bbox 290 3616 1418 3706; baseline 0.002 -26"><span class='ocrx_word' id='word_1_385' title='bbox 290 3616 374 3681; x_wconf 93' lang='lat' dir='ltr'><strong>Post</strong></span> <span class='ocrx_word' id='word_1_386' title='bbox 402 3617 531 3682; x_wconf 81' lang='lat' dir='ltr'><strong>festum</strong></span> <span class='ocrx_word' id='word_1_387' title='bbox 560 3637 642 3683; x_wconf 87' lang='lat' dir='ltr'><strong>vero</strong></span> <span class='ocrx_word' id='word_1_388' title='bbox 671 3617 968 3682; x_wconf 89' lang='lat' dir='ltr'><strong>annunotiacionis</strong></span> <span class='ocrx_word' id='word_1_389' title='bbox 992 3616 1183 3682; x_wconf 91' lang='lat' dir='ltr'><strong>dominice1</strong></span> <span class='ocrx_word' id='word_1_390' title='bbox 1208 3629 1301 3699; x_wconf 77' lang='lat' dir='ltr'><strong>regina</strong></span> <span class='ocrx_word' id='word_1_391' title='bbox 1311 3661 1418 3706; x_wconf 61' lang='lat' dir='ltr'><strong>m,</strong></span> 
     </span>
     <span class='ocr_line' id='line_1_46' title="bbox 188 3698 1301 3770; baseline 0.002 -18"><span class='ocrx_word' id='word_1_392' title='bbox 188 3698 328 3754; x_wconf 89' lang='lat' dir='ltr'><strong>civitatum</strong></span> <span class='ocrx_word' id='word_1_393' title='bbox 340 3699 527 3770; x_wconf 81' lang='lat' dir='ltr'><strong>Hierosolima,</strong></span> <span class='ocrx_word' id='word_1_394' title='bbox 546 3717 599 3770; x_wconf 91' lang='lat' dir='ltr'><strong>que</strong></span> <span class='ocrx_word' id='word_1_395' title='bbox 618 3700 764 3754; x_wconf 85' lang='lat' dir='ltr'><strong>videbatur</strong></span> <span class='ocrx_word' id='word_1_396' title='bbox 775 3700 1026 3770; x_wconf 80' lang='lat' dir='ltr'><strong>inexpugnabiliter</strong></span> <span class='ocrx_word' id='word_1_397' title='bbox 1037 3700 1150 3769; x_wconf 84' lang='lat' dir='ltr'><strong>munita,</strong></span> <span class='ocrx_word' id='word_1_398' title='bbox 1164 3700 1301 3754; x_wconf 86' lang='lat' dir='ltr'><strong>destructa</strong></span> 
     </span>
     <span class='ocr_line' id='line_1_47' title="bbox 188 3769 1302 3842; baseline 0.002 -18"><span class='ocrx_word' id='word_1_399' title='bbox 188 3773 228 3824; x_wconf 87' lang='lat' dir='ltr'><strong>est</strong></span> <span class='ocrx_word' id='word_1_400' title='bbox 252 3787 269 3824; x_wconf 92' lang='lat' dir='ltr'><strong>a</strong></span> <span class='ocrx_word' id='word_1_401' title='bbox 287 3769 488 3842; x_wconf 75' lang='lat' dir='ltr'><strong>Oaradivagio⁰</strong></span> <span class='ocrx_word' id='word_1_402' title='bbox 510 3771 568 3826; x_wconf 89' lang='lat' dir='ltr'><strong>filio</strong></span> <span class='ocrx_word' id='word_1_403' title='bbox 587 3770 737 3841; x_wconf 83' lang='lat' dir='ltr'><strong>Saphadini</strong></span> <span class='ocrx_word' id='word_1_404' title='bbox 761 3770 827 3824; x_wconf 84' lang='lat' dir='ltr'><strong>loris</strong></span> <span class='ocrx_word' id='word_1_405' title='bbox 852 3775 880 3825; x_wconf 88' lang='lat' dir='ltr'><strong>et</strong></span> <span class='ocrx_word' id='word_1_406' title='bbox 904 3771 984 3840; x_wconf 84' lang='lat' dir='ltr'><strong>intus,</strong></span> <span class='ocrx_word' id='word_1_407' title='bbox 1009 3771 1082 3824; x_wconf 89' lang='lat' dir='ltr'><strong>muri</strong></span> <span class='ocrx_word' id='word_1_408' title='bbox 1100 3789 1163 3826; x_wconf 88' lang='lat' dir='ltr'><strong>oum</strong></span> <span class='ocrx_word' id='word_1_409' title='bbox 1181 3771 1302 3826; x_wconf 87' lang='lat' dir='ltr'><strong>turribus</strong></span> 
     </span>
    </p>
   </div>
   <div class='ocr_carea' id='block_1_7' title="bbox 155 3982 1301 4197">
    <p class='ocr_par' dir='ltr' id='par_1_7' title="bbox 155 3982 1301 4197">
     <span class='ocr_line' id='line_1_48' title="bbox 155 3982 1300 4036; baseline 0.001 -10"><span class='ocrx_word' id='word_1_410' title='bbox 155 3983 369 4033; x_wconf 73' lang='lat' dir='ltr'><strong>ttslsteR.ollc.,·</strong></span> <span class='ocrx_word' id='word_1_411' title='bbox 384 3983 443 4034; x_wconf 83' lang='lat' dir='ltr'><strong>quod</strong></span> <span class='ocrx_word' id='word_1_412' title='bbox 458 3987 477 4028; x_wconf 90' lang='lat'><strong>1.</strong></span> <span class='ocrx_word' id='word_1_413' title='bbox 530 3984 554 4035; x_wconf 84' lang='lat' dir='ltr'><strong>b)</strong></span> <span class='ocrx_word' id='word_1_414' title='bbox 567 3985 591 4026; x_wconf 85' lang='lat' dir='ltr'><strong>ln</strong></span> <span class='ocrx_word' id='word_1_415' title='bbox 605 3987 625 4026; x_wconf 90' lang='lat'><strong>1.</strong></span> <span class='ocrx_word' id='word_1_416' title='bbox 640 3985 666 4029; x_wconf 77' lang='lat' dir='ltr'><strong>R.</strong></span> <span class='ocrx_word' id='word_1_417' title='bbox 720 3985 741 4036; x_wconf 88' lang='lat' dir='ltr'><strong>c)</strong></span> <span class='ocrx_word' id='word_1_418' title='bbox 755 3986 814 4025; x_wconf 86' lang='lat' dir='ltr'><strong>urcls</strong></span> <span class='ocrx_word' id='word_1_419' title='bbox 828 3987 847 4030; x_wconf 87' lang='lat'><strong>1.</strong></span> <span class='ocrx_word' id='word_1_420' title='bbox 861 3987 888 4025; x_wconf 75' lang='lat' dir='ltr'><strong>R.</strong></span> <span class='ocrx_word' id='word_1_421' title='bbox 943 3982 967 4034; x_wconf 89' lang='lat' dir='ltr'><strong>d)</strong></span> <span class='ocrx_word' id='word_1_422' title='bbox 981 3983 1033 4036; x_wconf 71' lang='lat' dir='ltr'><strong>lgna</strong></span> <span class='ocrx_word' id='word_1_423' title='bbox 1048 3987 1067 4028; x_wconf 88' lang='lat'><strong>1.</strong></span> <span class='ocrx_word' id='word_1_424' title='bbox 1121 3982 1267 4036; x_wconf 76' lang='lat' dir='ltr'><strong>e)prosundr</strong></span> <span class='ocrx_word' id='word_1_425' title='bbox 1283 3989 1300 4028; x_wconf 90' lang='lat' dir='ltr'><strong>l.</strong></span> 
     </span>
     <span class='ocr_line' id='line_1_49' title="bbox 187 4035 1301 4091; baseline 0.002 -13"><span class='ocrx_word' id='word_1_426' title='bbox 187 4035 363 4091; x_wconf 71' lang='lat' dir='ltr'><strong>ildanllnstel.</strong></span> <span class='ocrx_word' id='word_1_427' title='bbox 444 4038 467 4090; x_wconf 68' lang='grc' dir='ltr'><strong>κ)</strong></span> <span class='ocrx_word' id='word_1_428' title='bbox 480 4038 580 4080; x_wconf 78' lang='lat' dir='ltr'><strong>solidano</strong></span> <span class='ocrx_word' id='word_1_429' title='bbox 594 4043 613 4082; x_wconf 88' lang='lat'><strong>1.</strong></span> <span class='ocrx_word' id='word_1_430' title='bbox 690 4039 712 4087; x_wconf 85' lang='lat' dir='ltr'><strong>h)</strong></span> <span class='ocrx_word' id='word_1_431' title='bbox 726 4039 837 4079; x_wconf 83' lang='lat' dir='ltr'><strong>solidanus</strong></span> <span class='ocrx_word' id='word_1_432' title='bbox 852 4041 870 4082; x_wconf 90' lang='lat'><strong>1.</strong></span> <span class='ocrx_word' id='word_1_433' title='bbox 937 4039 998 4086; x_wconf 66' lang='lat' dir='ltr'><strong>ltsle</strong></span> <span class='ocrx_word' id='word_1_434' title='bbox 1011 4039 1040 4078; x_wconf 82' lang='lat' dir='ltr'><strong>B.</strong></span> <span class='ocrx_word' id='word_1_435' title='bbox 1055 4039 1123 4086; x_wconf 64' lang='lat' dir='ltr'><strong>Oltam</strong></span> <span class='ocrx_word' id='word_1_436' title='bbox 1143 4039 1268 4079; x_wconf 77' lang='lat' dir='ltr'><strong>naviculam</strong></span> <span class='ocrx_word' id='word_1_437' title='bbox 1283 4041 1301 4082; x_wconf 84' lang='lat'><strong>1.</strong></span> 
     </span>
     <span class='ocr_line' id='line_1_50' title="bbox 186 4089 1301 4144; baseline 0.003 -15"><span class='ocrx_word' id='word_1_438' title='bbox 186 4089 313 4139; x_wconf 74' lang='lat' dir='ltr'><strong>nnueuo</strong></span> <span class='ocrx_word' id='word_1_439' title='bbox 328 4094 347 4134; x_wconf 85' lang='grc' dir='ltr'><strong>ι.</strong></span> <span class='ocrx_word' id='word_1_440' title='bbox 413 4092 597 4142; x_wconf 70' lang='lat' dir='ltr'><strong>noea.oav.,·</strong></span> <span class='ocrx_word' id='word_1_441' title='bbox 618 4103 660 4132; x_wconf 76' lang='lat' dir='ltr'><strong>sm.</strong></span> <span class='ocrx_word' id='word_1_442' title='bbox 676 4093 694 4136; x_wconf 89' lang='lat'><strong>1.</strong></span> <span class='ocrx_word' id='word_1_443' title='bbox 756 4091 951 4144; x_wconf 48' lang='lat' dir='ltr'><strong>numenoio,</strong></span> <span class='ocrx_word' id='word_1_444' title='bbox 971 4092 1016 4132; x_wconf 74' lang='lat' dir='ltr'><strong>aia</strong></span> <span class='ocrx_word' id='word_1_445' title='bbox 1031 4095 1049 4134; x_wconf 88' lang='lat'><strong>1.</strong></span> <span class='ocrx_word' id='word_1_446' title='bbox 1109 4090 1219 4142; x_wconf 56' lang='lat' dir='ltr'><strong>nmen.</strong></span> <span class='ocrx_word' id='word_1_447' title='bbox 1234 4093 1301 4142; x_wconf 52' lang='lat' dir='ltr'><strong>orsa,</strong></span> 
     </span>
     <span class='ocr_line' id='line_1_51' title="bbox 185 4143 1182 4197; baseline 0 -13"><span class='ocrx_word' id='word_1_448' title='bbox 185 4154 211 4184; x_wconf 80' lang='lat' dir='ltr'><strong>ac</strong></span> <span class='ocrx_word' id='word_1_449' title='bbox 224 4146 243 4187; x_wconf 91' lang='lat' dir='ltr'><strong>l.</strong></span> <span class='ocrx_word' id='word_1_450' title='bbox 296 4147 318 4194; x_wconf 88' lang='lat' dir='ltr'><strong>o)</strong></span> <span class='ocrx_word' id='word_1_451' title='bbox 331 4145 363 4184; x_wconf 78' lang='lat' dir='ltr'><strong>stc</strong></span> <span class='ocrx_word' id='word_1_452' title='bbox 376 4147 403 4196; x_wconf 75' lang='lat'><strong>15</strong></span> <span class='ocrx_word' id='word_1_453' title='bbox 417 4145 551 4196; x_wconf 73' lang='lat' dir='ltr'><strong>Cusdhglo</strong></span> <span class='ocrx_word' id='word_1_454' title='bbox 565 4147 580 4189; x_wconf 75' lang='grc' dir='ltr'><strong>ί.</strong></span> <span class='ocrx_word' id='word_1_455' title='bbox 594 4145 710 4196; x_wconf 78' lang='lat' dir='ltr'><strong>Cspnsdin</strong></span> <span class='ocrx_word' id='word_1_456' title='bbox 724 4145 790 4194; x_wconf 50' lang='lat' dir='ltr'><strong>aaz,</strong></span> <span class='ocrx_word' id='word_1_457' title='bbox 804 4144 943 4197; x_wconf 73' lang='lat' dir='ltr'><strong>carladlaglo</strong></span> <span class='ocrx_word' id='word_1_458' title='bbox 957 4146 990 4194; x_wconf 84' lang='lat' dir='ltr'><strong>B,·</strong></span> <span class='ocrx_word' id='word_1_459' title='bbox 1004 4143 1114 4186; x_wconf 80' lang='lat' dir='ltr'><strong>Corsdlno</strong></span> <span class='ocrx_word' id='word_1_460' title='bbox 1128 4145 1182 4190; x_wconf 78' lang='lat' dir='ltr'><strong>olto.</strong></span> 
     </span>
    </p>
   </div>
   <div class='ocr_carea' id='block_1_8' title="bbox 154 4339 1300 4551">
    <p class='ocr_par' dir='ltr' id='par_1_8' title="bbox 154 4339 1300 4551">
     <span class='ocr_line' id='line_1_52' title="bbox 187 4339 1298 4409; baseline -0.005 -13"><span class='ocrx_word' id='word_1_461' title='bbox 187 4343 212 4408; x_wconf 91' lang='lat' dir='ltr'><strong>l)</strong></span> <span class='ocrx_word' id='word_1_462' title='bbox 230 4339 271 4393; x_wconf 88' lang='lat' dir='ltr'><strong>De</strong></span> <span class='ocrx_word' id='word_1_463' title='bbox 287 4346 402 4408; x_wconf 81' lang='lat' dir='ltr'><strong>tempora</strong></span> <span class='ocrx_word' id='word_1_464' title='bbox 419 4357 558 4394; x_wconf 69' lang='lat' dir='ltr'><strong>murorum</strong></span> <span class='ocrx_word' id='word_1_465' title='bbox 576 4341 882 4409; x_wconf 73' lang='lat' dir='ltr'><strong>Hierosolymitoncsum</strong></span> <span class='ocrx_word' id='word_1_466' title='bbox 900 4343 1093 4395; x_wconf 72' lang='lat' dir='ltr'><strong>deabwtcmm</strong></span> <span class='ocrx_word' id='word_1_467' title='bbox 1111 4342 1169 4394; x_wconf 80' lang='lat' dir='ltr'><strong>vide</strong></span> <span class='ocrx_word' id='word_1_468' title='bbox 1186 4341 1298 4406; x_wconf 65' lang='lat' dir='ltr'><strong>Walters,</strong></span> 
     </span>
     <span class='ocr_line' id='line_1_53' title="bbox 154 4411 1300 4551; baseline -0.007 -80"><span class='ocrx_word' id='word_1_469' title='bbox 154 4411 286 4551; x_wconf 53' lang='lat' dir='ltr'><strong>mim</strong></span> <span class='ocrx_word' id='word_1_470' title='bbox 297 4413 507 4539; x_wconf 43' lang='lat' dir='ltr'><strong>{bdsb‘ibffid</strong></span> <span class='ocrx_word' id='word_1_471' title='bbox 522 4413 568 4482; x_wconf 86' lang='lat' dir='ltr'><strong>VI,</strong></span> <span class='ocrx_word' id='word_1_472' title='bbox 583 4430 613 4481; x_wconf 80' lang='lat' dir='ltr'><strong>p.</strong></span> <span class='ocrx_word' id='word_1_473' title='bbox 626 4416 688 4482; x_wconf 76' lang='lat'><strong>237,</strong></span> <span class='ocrx_word' id='word_1_474' title='bbox 707 4431 734 4469; x_wconf 75' lang='lat' dir='ltr'><strong>a.</strong></span> <span class='ocrx_word' id='word_1_475' title='bbox 745 4416 788 4479; x_wconf 78' lang='lat'><strong>77,</strong></span> <span class='ocrx_word' id='word_1_476' title='bbox 806 4413 854 4466; x_wconf 80' lang='lat' dir='ltr'><strong>ubi</strong></span> <span class='ocrx_word' id='word_1_477' title='bbox 870 4415 1012 4468; x_wconf 65' lang='lat' dir='ltr'><strong>destructio</strong></span> <span class='ocrx_word' id='word_1_478' title='bbox 1029 4413 1115 4468; x_wconf 81' lang='lat' dir='ltr'><strong>Mart.</strong></span> <span class='ocrx_word' id='word_1_479' title='bbox 1130 4414 1171 4468; x_wconf 80' lang='lat'><strong>19.</strong></span> <span class='ocrx_word' id='word_1_480' title='bbox 1190 4417 1238 4464; x_wconf 85' lang='lat' dir='ltr'><strong>aut</strong></span> <span class='ocrx_word' id='word_1_481' title='bbox 1256 4413 1300 4467; x_wconf 79' lang='lat' dir='ltr'><strong>ab.</strong></span> 
     </span>
    </p>
   </div>
   <div class='ocr_carea' id='block_1_9' title="bbox 0 0 1586 5022">
    <p class='ocr_par' dir='ltr' id='par_1_9' title="bbox 0 0 1586 5022">
     <span class='ocr_line' id='line_1_54' title="bbox 0 0 1586 5022; baseline 0 2"><span class='ocrx_word' id='word_1_482' title='bbox 0 0 1586 5022; x_wconf 95' lang='lat' dir='ltr'><strong> </strong></span> 
     </span>
    </p>
   </div>
  </div>
 </body>
</html>
