3162 5022
296 490 350 545 212
387 485 554 542 caerlion
567 485 595 542 S.
606 484 722 540 PETRI
734 485 997 542 ERFORDENSIS
1008 485 1099 542 Mon.
1118 486 1154 542 A.
1167 489 1351 544 1212-1214.

209 652 286 705 1212.

135 723 162 768 4
170 677 386 764 Crffllactis,
409 676 496 733 fama
519 677 733 734 crebrescente
764 677 802 733 de
826 677 966 734 adventu
989 676 1189 733 Friderici
1211 677 1293 750 regis
1315 675 1417 732 iunio-

296 767 348 835 ris,
373 769 485 833 castra,
510 765 653 822 civitates
677 769 710 822 et
731 766 847 840 oppida
868 765 1075 834 illustrantur,
1099 763 1227 839 populi³
1253 766 1295 822 ad
1323 764 1415 822 illurn

295 854 508 912 favorabiliter
530 854 765 922 coadunantur;
797 857 829 912 et
858 857 968 912 contra
990 852 1182 912 Ottonem
1205 854 1321 912 clamor
1345 870 1415 911 exo·

296 944 384 1013 ritur,
408 946 586 1000 asserentes
610 959 743 1018 regem
765 943 1034 1012 Fridaricum,
1058 943 1112 1018 qui
1129 941 1280 1000 electione
1303 943 1415 1017 princi·

295 1049 372 1107 pum
394 1027 463 1090 iam
487 1026 617 1090 dudum
636 1026 775 1090 vivente
798 1026 912 1090 adhuc
934 1029 1033 1109 patre
1056 1025 1251 1090 declaratus
1273 1025 1382 1090 fucrit
1392 1025 1413 1102 ¹,
1434 1049 1451 1088 s

295 1122 382 1179 iure
405 1121 636 1196 prevalere,
660 1121 826 1195 presertim
849 1137 921 1178 cum
944 1121 990 1178 ita
1012 1137 1114 1195 papa
1137 1119 1332 1195 disponente,
1358 1120 1415 1177 ei-

296 1210 383 1268 dem
405 1211 438 1267 in
454 1213 615 1285 posterum
630 1209 885 1284 imperialem
901 1209 1151 1267 benedictionem
1166 1210 1414 1283 promiserit.

402 1293 591 1356 MCCXHI.²
624 1298 690 1355 Rex
712 1297 839 1356 Boemie
862 1301 901 1355 et
923 1299 1184 1372 lantgravius
1207 1315 1279 1356 cum
1303 1299 1416 1356 ceteris

295 1388 383 1462 regni
401 1387 570 1445 baronibus
593 1386 635 1443 ad
650 1386 802 1444 indictam
826 1387 884 1444 sibi
907 1403 927 1443 a
949 1387 1157 1444 Friderico
1180 1403 1271 1462 rege
1295 1388 1416 1444 curiam

185 1477 329 1544 (caelin
357 1476 593 1533 Frankenevort
626 1477 708 1532 circa
742 1476 942 1551 epiphaniam
976 1477 1196 1551 accinguntur,
1227 1475 1281 1533 nbi
1310 1476 1457 1534 lant-ro

295 1565 462 1641 gravius
500 1568 695 1640 gratanter
732 1568 877 1639 receptus
912 1568 969 1622 est.
1016 1564 1093 1622 Post
1126 1565 1184 1622 hec
1218 1569 1325 1622 autem
1360 1582 1416 1622 rex

296 1653 426 1711 Francia
449 1652 562 1711 faciem
586 1654 668 1729 regis
691 1671 763 1711 cum
787 1653 1004 1711 benedictione
1026 1654 1139 1727 viginti
1165 1641 1307 1711 miliumb
1335 1671 1416 1710 mar·

296 1759 404 1800 carum
433 1743 556 1816 argenti
586 1743 780 1817 preveniens,
804 1742 898 1800 fedus
928 1743 970 1799 ad
998 1743 1133 1800 invicem
1157 1743 1352 1817 pepigenmt,
1377 1747 1416 1800 ut

295 1831 430 1906 quivis
453 1831 543 1888 alteri
565 1831 599 1888 in
621 1832 875 1888 necessitate
898 1835 1066 1889 astaret.
1114 1831 1294 1907 Requisitus
1317 1831 1416 1906 igitur

296 1937 350 1978 rex
373 1919 585 1977 Romanorum
615 1918 796 1994 aSpirensi
825 1921 979 1995 episcopo,
1004 1919 1117 1995 quibus
1147 1921 1180 1976 in
1202 1921 1278 1977 locis
1301 1920 1456 1978 eademio

295 2010 428 2085 pecunia
465 2009 592 2066 recondi
626 2009 768 2077 deberet,
804 2009 986 2083 respondet
1017 2007 1203 2083 pecuniame
1242 2009 1328 2066 illam
1362 2009 1414 2066 vel

295 2097 469 2174 quamlibet
498 2098 592 2155 aliam
623 2098 752 2154 minime
781 2097 848 2155 iore
877 2097 1118 2166 recondendam,
1143 2098 1198 2154 sed
1228 2098 1316 2172 regni
1342 2115 1415 2154 cam

296 2187 487 2262 principibus
518 2203 587 2244 esse
615 2185 814 2260 erogandam.
861 2187 980 2242 Audita
1008 2187 1114 2262 itaque
1148 2187 1297 2244 muniflca
1331 2187 1414 2261 regis

189 2275 482 2344 ·f.1so³.liberalitate
506 2275 648 2332 omnium
672 2269 803 2332 'clamor
834 2276 874 2331 in
897 2275 1051 2332 favorem
1074 2275 1205 2349 ipsius
1228 2275 1413 2344 attollitnr;

298 2364 393 2421 duces
417 2352 533 2421 etiamd
554 2363 593 2420 de
617 2361 772 2438 Ceringen
795 2367 827 2421 et
849 2365 978 2421 Austria
1000 2365 1033 2420 in
1054 2365 1188 2439 ipsius
1212 2364 1454 2422 subiectio-ro

297 2469 371 2509 nem
393 2451 467 2510 ituri
490 2451 683 2509 concorditer
698 2451 906 2527 accingrmtur
928 2457 960 2510 et
974 2457 1083 2511 contra
1107 2456 1223 2511 sortem
1246 2452 1415 2511 Ottonis

211 2541 500 2600 1213.vehementer
522 2539 737 2598 animantur0.
852 2535 1019 2618 Magnum
1041 2535 1238 2601 incendium
1262 2536 1333 2599 fuit
1356 2535 1414 2598 nr-

205 2653 260 2702 sepe.
272 2655 288 2694 1.
299 2623 442 2707 phordie
466 2623 545 2686 Kal.
570 2623 753 2708 Septemb,
779 2643 857 2687 cum
880 2627 969 2688 esset
992 2645 1060 2688 nox
1083 2621 1287 2688 dominica*.

211 2725 287 2779 1212.
406 2712 610 2776 'Mccxlni
646 2718 712 2775 Rex
734 2717 836 2776 iunior
851 2719 1006 2794 condigno
1025 2719 1132 2777 favore
1155 2720 1318 2788 attollitur,
1343 2719 1521 2788 sedasse.

298 2812 433 2865 tamen
455 2807 540 2864 varie
564 2811 596 2865 et
619 2807 745 2865 dissone
767 2812 942 2865 nascuntur
965 2808 1136 2883 opiniones.
1172 2809 1234 2865 Alii
1249 2795 1452 2884 quidomfzss

298 2913 369 2953 eum
394 2912 458 2953 non
481 2912 560 2964 esse,
585 2913 677 2971 quem
700 2896 870 2971 imperator
884 2896 1050 2954 Heinricus
1073 2901 1235 2973 genuerat,
1260 2898 1316 2955 sed
1334 2897 1414 2955 Mer·

298 2984 422 3042 botonis
446 2985 611 3042 cuiusdam
633 2985 705 3042 aulo
728 2985 897 3060 apostolice
921 2985 1061 3043 officialis
1084 2986 1194 3054 fllium,
1222 2989 1317 3061 atque
1340 3003 1415 3043 eum

299 3074 428 3131 minime
450 3073 594 3131 futurum
618 3091 733 3148 regem.
779 3074 865 3131 Dum
892 3074 950 3132 hec
972 3074 1078 3132 fatalis
1102 3075 1297 3133 diversorum
1320 3075 1414 3132 labio·

212 3137 369 3255 lffljrum
399 3163 514 3237 lingva
543 3165 719 3237 perstrepit,
744 3179 815 3220 ecce
844 3179 898 3220 rex
927 3164 1031 3220 idem
1053 3164 1156 3222 iunior
1178 3181 1250 3222 cnm
1272 3163 1415 3221 multitu·

299 3251 372 3309 dine
395 3252 483 3326 gravi
506 3249 689 3320 Suevornm,
714 3251 916 3321 Bavarorum,
940 3252 1129 3310 Boemorum
1161 3253 1258 3328 partis
1281 3253 1458 3310 adversere

298 3340 508 3415 triumphator
530 3340 630 3409 adest,
655 3339 852 3398 nobilitatem
875 3341 997 3416 generis
1013 3358 1136 3399 morum
1159 3341 1325 3399 honestate
1347 3358 1415 3416 pre-

299 3433 489 3486 monstrans.
524 3427 658 3486 Proinde
680 3429 713 3484 in
736 3429 915 3487 Merseburc
938 3430 1024 3487 curia
1046 3430 1233 3488 celebranda
1255 3430 1414 3497 indicitur,

299 3519 368 3575 sed
391 3535 463 3575 cum
486 3517 594 3591 paucis
617 3533 672 3591 pro
696 3518 845 3592 temporis
868 3519 999 3576 articulo
1023 3523 1254 3577 consumatur.¹
1275 3518 1322 3575 Ex
1336 3523 1415 3576 tunc

298 3606 407 3663 Boemi
429 3607 462 3662 in
486 3605 654 3663 Saroniam
676 3605 808 3680 proiecti
838 3608 919 3664 mole
941 3607 1110 3682 predamm
1132 3624 1244 3682 graves
1267 3607 1416 3682 repatria-

410 3789 437 3858 *)
456 3789 491 3855 E,
509 3791 613 3843 marie
631 3791 752 3842 omnibus
770 3789 817 3843 hoc
833 3807 907 3843 anno
927 3791 1150 3859 prceoodmlibue,
1170 3791 1245 3844 habet
1262 3791 1326 3844 boec
1342 3798 1458 3858 (portat

457 3861 625 3929 expugnavit
644 3877 730 3930 aspra
749 3878 780 3928 p.
792 3865 854 3927 210,
880 3861 896 3913 l.
909 3865 957 3925 37)
979 3864 1035 3914 iro:
1061 3859 1192 3930 Sequenti
1215 3877 1287 3915 anno
1310 3882 1415 3922 mum

457 3939 582 3981 inondum
597 3942 639 3982 ruli
652 3940 768 3992 uirorum
788 3949 857 4000 pons
875 3935 1058 3986 mercatorum
1077 3933 1270 3988 consumitur³.

298 4110 320 4157 a)
333 4108 408 4158 sipili
420 4119 532 4157 persaepe,
584 4109 608 4156 b)
621 4111 652 4149 stc
666 4111 698 4158 R,·
718 4110 806 4150 mlllbur
821 4112 839 4153 1.
893 4108 914 4160 c)
928 4109 961 4148 oa
974 4119 1014 4153 scr.
1029 4111 1048 4151 1.
1108 4107 1132 4158 d)
1145 4111 1176 4150 ric
1190 4111 1222 4159 R,-
1243 4115 1266 4151 et
1280 4112 1299 4154 1.
1353 4107 1375 4162 e)
1389 4109 1416 4150 kl

298 4162 359 4212 sepis
373 4162 419 4200 lam
432 4161 453 4204 h.
462 4161 477 4204 l.
491 4163 549 4212 add,
564 4165 601 4202 sod
614 4167 720 4213 munda
733 4166 753 4204 1.
807 4163 870 4212 {isle
883 4164 895 4202 1
909 4167 928 4202 st
942 4163 973 4212 R,·
987 4167 1055 4202 msnts
1068 4165 1143 4214 supple
1156 4165 1280 4214 opinantur.

299 4322 325 4391 1)
345 4321 477 4374 Conteris
494 4322 579 4374 vobio
596 4324 682 4388 fontir
699 4325 750 4387 sui,
770 4337 837 4389 quoe
855 4323 933 4377 Gron.
946 4322 1140 4379 Reinlrardsbr.
1156 4339 1185 4390 p.
1198 4325 1259 4388 581,
1278 4323 1295 4378 l.
1308 4325 1344 4378 25
1355 4333 1456 4390 ⁸qu

298 4393 408 4459 cohibet,
426 4395 530 4446 anissis
547 4393 609 4446 baec
628 4393 771 4446 meamea
789 4393 817 4449 S.
830 4394 905 4444 Patra·
921 4394 1056 4461 suppleuit.
1136 4396 1165 4462 2)
1182 4395 1226 4458 Os.
1241 4395 1284 4449 Ἦ.
1296 4395 1414 4448 Archio'

298 4464 362 4530 XX,
381 4482 410 4532 p.
424 4467 484 4531 612,
504 4481 532 4519 n.
546 4467 569 4519 1.
641 4464 670 4531 3)
690 4464 731 4528 Of.
750 4463 813 4518 idid.
833 4463 914 4530 XXI,
936 4481 965 4531 p.
978 4466 1039 4520 502.
