3214 4990
280 480 334 534 504
680 472 846 528 GRONIGA
866 472 1000 528 simon.

279 657 366 723 edidi
390 657 449 722 SS.
465 655 584 737 XXX,
604 678 639 737 p.
654 662 716 720 719
729 675 774 737 sq.
798 655 934 719 Pistorii
956 655 1052 720 editio
1074 676 1140 719 non
1162 655 1263 720 sotum
1285 657 1398 721 mutita

279 753 332 824 est,
357 752 393 809 nt
414 745 492 826 dini,
517 746 572 809 sed
593 745 688 808 etiam
710 744 834 809 mendis
855 743 1057 825 praeissimis
1079 750 1183 824 scatet,
1208 767 1299 826 saepe
1322 767 1397 810 uon

279 835 369 899 uuita
398 836 493 899 certa
523 833 649 914 omissa,
680 833 749 898 otia
777 834 859 897 male
882 833 1077 914 transposita
1100 840 1192 904 sunt:
1221 836 1305 916 quod
1334 856 1398 900 non

277 923 404 1002 mirum,
429 944 498 988 cum
514 922 674 987 Pistorius
696 944 795 986 renum
818 921 953 986 codicem
976 943 1040 986 non
1059 929 1132 986 ante
1155 944 1234 987 saec.
1251 922 1331 988 XV.
1349 945 1396 988 en.

278 1012 451 1093 scriptum1
473 1011 620 1075 habuerit
628 1013 647 1074 ².
701 1010 799 1075 Ouios
825 1009 992 1075 editionem
1022 1033 1092 1076 cum
1114 1011 1304 1092 Leibnitius‚
1337 1013 1429 1080 Scis

280 1121 388 1165 rerum
416 1099 588 1164 Brunscic.
617 1099 696 1179 ΙΙΙ,
722 1121 757 1180 p.
782 1105 984 1181 558-600,
1016 1100 1226 1165 recudendam
1261 1107 1395 1181 curaret,

278 1189 535 1253 animadvertens
558 1195 751 1269 postremam
774 1195 901 1269 partem
929 1187 967 1252 in
996 1188 1187 1253 monasterio
1211 1190 1244 1253 S.
1265 1189 1398 1270 Aspidii

278 1276 511 1342 Brunsoicensi
534 1277 685 1358 scriptam
708 1298 781 1358 esse,
806 1299 828 1342 a
843 1277 995 1341 monacho
1016 1277 1110 1341 iuius
1133 1277 1278 1342 ecclesiae
1301 1285 1397 1343 totum

278 1366 394 1430 librum
416 1367 616 1447 compositum
635 1387 700 1431 esse
722 1366 879 1446 opinatus,
910 1365 1104 1431 Hieronicam
1126 1367 1159 1430 S.
1177 1366 1309 1448 Aepidii
1332 1389 1397 1432 non

278 1457 353 1520 bene
373 1454 581 1534 nominanti,
605 1475 666 1535 quo
687 1455 744 1520 sectr
768 1455 856 1520 tituto
880 1461 943 1519 tres
958 1454 1100 1520 diuersae
1122 1454 1191 1519 eius
1202 1462 1315 1536 partes
1331 1457 1433 1536 pie-10

277 1565 407 1625 rumque
430 1543 620 1608 citabantur.

388 1632 497 1696 Tertia
520 1632 632 1696 classis
655 1631 807 1696 librorum
830 1631 1025 1698 recensionis
1039 1632 1073 1696 B
1088 1633 1300 1713 complectitur
1315 1633 1396 1698 codi-

277 1743 326 1786 ces
354 1721 388 1784 B
412 1727 440 1784 4.
471 1728 500 1784 5.
530 1727 571 1784 5⁸
605 1727 634 1786 et
663 1721 866 1804 arcioetppmm
894 1721 1089 1786 recensionis
1123 1721 1240 1800 fratris
1271 1722 1397 1787 Sermici

277 1810 403 1874 ordinis
418 1809 682 1875 Praedicatorum
699 1807 775 1892 (D).
816 1809 866 1873 Hi
884 1809 1003 1875 codices
1025 1809 1062 1874 id
1083 1809 1248 1892 sinputare
1270 1811 1394 1892 liabent,

276 1901 360 1980 quod
379 1920 441 1963 non
462 1918 581 1979 puram
600 1898 812 1964 recensionem
826 1899 860 1963 B
872 1899 1035 1980 praebent.
1067 1899 1112 1964 In
1127 1899 1295 1981 archetypo
1311 1899 1431 1964 enimus

277 2009 392 2068 eorum,
420 1988 476 2069 arri
499 1988 710 2052 recensionem
734 1988 818 2053 itanc
840 1987 1025 2068 continebat,
1054 1987 1258 2052 Continuatio
1281 1989 1394 2053 brevis·

276 2077 359 2140 sima
386 2101 416 2141 a.
445 2078 700 2158 1265—12744,
724 2077 815 2141 nobis
838 2076 940 2155 tertia,
965 2076 1076 2142 addita
1104 2084 1156 2158 est,
1186 2076 1224 2141 in
1246 2097 1311 2158 pria
1334 2079 1395 2142 deco

277 2165 336 2230 loci
365 2187 403 2230 ea
436 2165 679 2231 Continuatione
708 2171 841 2247 quartae
871 2164 1029 2245 editionis,
1055 2165 1166 2246 prium
1196 2172 1315 2246 nostra,
1346 2167 1395 2231 de-

275 2254 387 2335 scripti
409 2261 491 2334 aaut,
516 2261 544 2318 et
567 2275 605 2318 en
628 2255 731 2318 eodem
761 2254 863 2319 codiee
886 2259 1018 2334 quartae
1041 2253 1242 2333 recensionis,
1274 2276 1312 2318 ec
1334 2275 1395 2336 quo

275 2342 311 2406 m·
344 2343 460 2423 sumpti
493 2349 579 2423 sunt,
615 2344 703 2407 ttaud
728 2343 829 2424 pauci
862 2341 922 2407 Ioci
955 2342 1070 2407 adiecti
1103 2349 1177 2408 sunt
1186 2343 1207 2406 ⁵.
1253 2343 1325 2408 Hos
1358 2343 1431 2408 inm

274 2431 476 2513 marpinibus
502 2429 653 2510 sotiorum
676 2437 704 2494 et
727 2431 888 2513 archetypi
911 2430 1000 2495 itiius
1022 2439 1051 2497 et
1073 2431 1300 2513 erauptarium
1322 2453 1393 2513 qno

274 2521 413 2584 rundam
442 2540 481 2583 en
510 2540 544 2584 eo
574 2519 853 2600 transscriptorum
885 2520 1017 2601 scriptos
1046 2520 1147 2600 fuisse
1174 2521 1293 2602 poteri,
1324 2543 1393 2586 acm

274 2629 340 2673 non
374 2629 479 2672 omnes
512 2608 632 2673 codices
664 2608 760 2672 ituiccs
790 2608 902 2674 dussis
936 2616 965 2673 et
996 2609 1190 2674 recensionis
1219 2609 1254 2674 D
1288 2631 1394 2674 omnes

274 2697 332 2761 tros
361 2697 442 2761 iocos
471 2697 661 2777 contineant,
691 2699 775 2762 unde
805 2697 963 2779 capnoscis
993 2700 1033 2763 ab
1063 2698 1139 2763 otiis
1168 2698 1283 2764 scribis
1311 2698 1393 2763 aiios

275 2787 357 2850 tocos
378 2786 415 2850 in
430 2785 631 2868 marpinibus
653 2785 785 2870 scriptos
807 2808 872 2850 non
896 2794 1031 2868 receptos
1049 2809 1122 2852 esse.
1158 2789 1262 2852 Haud
1276 2787 1429 2868 dubitare

274 2875 353 2956 proin
375 2875 455 2940 tiber
470 2874 656 2957 arcisetppms
671 2875 768 2940 decius
783 2875 895 2940 classis
917 2875 954 2939 in
972 2882 1124 2940 concentu
1138 2876 1280 2956 fratrum
1295 2877 1392 2941 Prae-

277 3102 431 3169 Tituriupia
450 3103 490 3155 ccl
506 3105 537 3154 in
549 3103 672 3156 Souania
690 3119 746 3156 cam
766 3107 941 3170 corneriptam
953 3105 1136 3165 assecutores,
1155 3119 1213 3154 actm
1226 3103 1391 3169 compluria

274 3173 401 3226 Cronicnc
426 3175 543 3226 Minmis
568 3175 618 3226 hoc
644 3177 846 3227 Continuotioru
870 3181 962 3226 audac
985 3178 1015 3225 iu
1040 3177 1201 3227 enonasterio
1226 3175 1391 3227 Reinitards·

272 3245 422 3297 muamus
439 3251 462 3297 ct
481 3246 509 3296 S.
522 3247 631 3311 Aspidii
644 3247 836 3298 Bruueoiaeuse
854 3247 939 3296 allata
956 3248 1018 3299 siut.
1099 3248 1125 3312 1)
1144 3246 1178 3298 In
1194 3247 1304 3312 prolopo
1321 3248 1390 3298 euim

271 3331 400 3368 numerus
412 3314 566 3372 MOOLXI.
579 3319 608 3368 in
621 3315 878 3371 MOCCGLXXIV.
891 3323 1010 3368 mutatus
1024 3323 1068 3370 cst.
1088 3317 1160 3368 Etsi
1172 3317 1285 3369 Granico
1298 3317 1391 3369 Minor
1400 3325 1426 3365 so

272 3394 296 3440 a
307 3389 429 3440 Annales
447 3388 475 3442 S.
486 3389 596 3452 Aspidii
614 3391 642 3439 in
654 3388 768 3440 Pistorii
778 3389 861 3442 codice
879 3390 990 3440 diensis
1008 3389 1132 3441 manibus
1149 3389 1250 3438 diuersi
1266 3391 1391 3455 temporis

271 3461 368 3526 scripti
384 3460 507 3523 suissmt,
527 3458 569 3509 iiic
587 3460 815 3512 animadvertisset
833 3474 887 3511 nou
905 3475 990 3510 unum
1007 3474 1074 3526 opus
1090 3476 1118 3512 se
1135 3460 1254 3514 edidisse.
1291 3460 1342 3510 Sed
1360 3462 1389 3508 iu

268 3530 440 3596 praefatione
450 3532 576 3596 scripsit:
590 3528 754 3596 compilatio
765 3529 963 3598 Chronologica
976 3547 990 3582 o
1003 3529 1115 3582 diversis
1126 3529 1266 3582 Ohronicis
1280 3530 1314 3582 ab
1325 3545 1389 3581 sno·

270 3616 354 3667 nyma
367 3601 482 3653 authore
494 3605 631 3667 excerpta.
686 3604 713 3666 2)
730 3602 832 3652 Multas
844 3602 968 3654 rubmcae
979 3601 1184 3652 narrationibus
1193 3603 1387 3667 mammutius,

272 3687 304 3723 aa
328 3671 411 3724 codice
434 3672 532 3739 procul
552 3671 632 3724 dubio
654 3679 785 3739 sumptos,
810 3672 943 3724 Pistoriae
968 3673 1052 3738 hahet,
1079 3689 1147 3739 quas
1173 3687 1228 3723 uon
1255 3673 1425 3724 adnotandas

273 3743 300 3810 3)
317 3743 380 3794 Non
392 3749 458 3795 recu
473 3743 512 3796 W.
528 3743 705 3808 Watiendactt,
721 3744 764 3796 ίΙ),
779 3745 845 3808 GQ!
858 3744 895 3798 ed.
909 3747 934 3799 6.
954 3743 993 3808 ΙΙ,
1011 3761 1039 3810 p.
1052 3745 1114 3807 464,
1135 3744 1249 3795 Pistorii
1263 3759 1389 3809 mapnom

271 3813 479 3880 compitztiaum
503 3820 527 3864 ct
545 3814 676 3865 Leibnitit
692 3815 851 3866 chronicam
870 3816 896 3867 S.
911 3816 1025 3882 Aspicit,
1051 3820 1187 3882 tanquam
1213 3815 1319 3866 diemo
1336 3814 1388 3866 duo

272 3900 353 3952 opera
370 3891 461 3951 ossan,
481 3885 616 3940 distinxit.
647 3885 803 3951 Leibnitius,
824 3887 870 3939 SS.
885 3886 940 3952 HI,
955 3903 985 3952 p.
1001 3889 1034 3940 19
1046 3903 1093 3953 sp,
1112 3901 1124 3936 e
1142 3886 1291 3938 coniectura
1310 3901 1390 3952 quaa

271 3955 334 4006 dom
353 3957 448 4008 merida
466 3956 589 4008 editionis
607 3957 778 4008 Pistoriauae
795 3964 861 4010 recta
878 3959 1003 4010 coercuit.
1084 3959 1111 4024 4)
1130 3957 1181 4008 Sed
1199 3958 1228 4008 iu
1246 3957 1389 4023 archetypo

204 4041 212 4057 ·
271 4026 388 4078 codicem
406 4026 519 4081 stum
542 4027 663 4078 additum
688 4035 725 4079 cst
751 4029 911 4094 Greporium
930 4029 980 4082 IX.
1006 4045 1033 4081 a.
1053 4029 1130 4082 1276.
1155 4028 1309 4091 defunctum
1328 4036 1425 4080 essem

272 4099 299 4164 5)
318 4097 376 4148 Hoc
393 4099 450 4149 sinc
467 4097 524 4148 nilo
536 4098 699 4150 dubitatione
716 4099 854 4150 dr'cuidum
866 4106 912 4164 est,
930 4115 989 4150 cum
1007 4105 1030 4150 et
1047 4099 1096 4150 loci
1106 4099 1264 4151 recursionis
1275 4106 1389 4164 promae

271 4170 301 4220 in
318 4167 447 4220 codicibus
465 4167 547 4220 huius
563 4169 655 4220 classa
673 4172 854 4235 inveniantur,
872 4173 921 4237 qui
939 4172 967 4221 in
985 4171 1132 4223 recensum
1148 4171 1173 4222 Β
1190 4169 1340 4236 mount,
1359 4172 1389 4221 iu

271 4247 371 4306 quarta
396 4255 455 4290 cero
476 4241 624 4293 excisione
649 4244 747 4292 mutati
769 4243 809 4293 oei
833 4244 994 4308 transpositi
1010 4248 1081 4306 sunt,
1099 4248 1129 4294 ut
1146 4241 1177 4292 dc
1194 4241 1283 4293 eadem
1301 4257 1331 4292 rc
1349 4239 1389 4292 bis

271 4313 300 4361 iu
319 4310 362 4361 icis
381 4309 459 4360 aurs
476 4311 590 4362 reiatmu
615 4314 659 4377 sit,
684 4318 714 4363 ut
739 4312 836 4364 tulitin
862 4313 924 4364 locis
944 4315 1078 4366 adnotari.
1151 4314 1178 4377 6)
1204 4311 1279 4363 Unus
1297 4327 1389 4363 amum

271 4383 389 4445 a.1241,
407 4383 456 4448 qui
479 4387 582 4432 tautum
606 4385 635 4433 iu
653 4383 767 4438 Besa
790 4385 932 4450 incenitur,
958 4385 1038 4436 ctiam
1062 4399 1134 4436 nuuc
1158 4385 1187 4434 iu
1212 4397 1267 4434 uno
1291 4383 1425 4434 hammon

269 4452 384 4504 aotam
404 4455 433 4502 in
451 4454 574 4517 marpinc
592 4455 709 4520 scriptus
726 4461 771 4508 est.

1590 635 1592 760 i
