3182 4996
307 431 360 484 418
466 423 657 480 ORONIOAE
670 422 699 478 S.
708 421 824 478 PETRI
836 419 996 476 ERFORD.
1016 419 1275 477 APPENDIXVL

308 629 388 674 saec.
415 607 516 673 XIV.
547 607 668 689 sarepta
696 611 797 686 eram,
828 603 880 669 leis
909 624 948 669 ea
970 609 1065 684 parte
1094 602 1224 668 adrosis
1233 603 1254 667 ¹.
1301 603 1429 668 Dehinc

309 697 334 778 f.
361 694 522 762 11¹—19‘.
549 697 626 778 plus
655 695 758 760 moun
787 692 910 758 emitae
939 712 1019 757 saec.
1043 690 1122 757 XV.
1157 691 1315 774 serpentis
1344 691 1429 756 alias

309 785 440 852 notitias
470 791 635 866 certasque
657 781 889 848 dedicationum
912 779 1007 845 huius
1029 779 1148 846 saeculi
1171 780 1315 862 aliasque
1338 786 1429 846 notas

310 877 347 940 de
369 873 462 939 donis
492 879 521 939 et
543 871 690 954 reticulis
718 869 911 936 monasterio
941 869 974 934 S.
1000 868 1090 934 Petri
1119 869 1205 934 datu
1234 869 1427 940 adiecerunt,

309 963 494 1046 intorques
517 961 612 1026 etiam
643 959 799 1025 Nicotaus
828 961 866 1024 de
897 957 1012 1042 Siepon
1045 959 1202 1040 quaedam
1231 957 1398 1024 adnotavit
1406 959 1457 1021 ².s

418 1053 495 1116 Non
518 1049 609 1116 licuit
629 1049 689 1114 itas
711 1047 843 1113 notitias
864 1046 972 1112 multis
993 1047 1143 1112 manitus
1164 1045 1301 1128 scriptas
1323 1067 1428 1112 secun-

309 1143 384 1207 dum
413 1139 557 1205 ordinem
586 1137 733 1220 temporis
762 1135 932 1218 dispositas
955 1156 1142 1217 proponere,
1172 1137 1283 1200 sedeo
1306 1135 1428 1214 udins,

308 1251 369 1313 quo
389 1227 550 1312 paulatim
578 1227 616 1292 in
646 1225 748 1291 codice
771 1247 792 1290 a
815 1223 951 1289 diuersis
972 1223 1087 1290 seritis
1109 1223 1245 1306 sumptae
1267 1231 1351 1305 sunt,
1375 1245 1430 1289 eas

309 1318 467 1384 edidimus
475 1318 496 1381 ⁸.
532 1317 588 1381 Ea
609 1315 722 1396 andus
745 1313 902 1378 Nicotaus
924 1315 961 1378 de
982 1311 1097 1395 Siepen
1119 1319 1149 1378 et
1170 1312 1334 1378 Iohannes
1350 1311 1429 1377 Kir-

309 1409 391 1480 oter,
417 1405 584 1487 scriptores
606 1425 713 1468 rerum
735 1401 861 1467 Montis
884 1403 917 1467 S.
935 1402 1026 1467 Petri
1042 1400 1243 1484 posteriores,
1273 1403 1430 1483 cumdum
1441 1427 1466 1465 ιο

310 1495 551 1576 eascrnpserunt.
602 1492 753 1575 &eamus
780 1490 882 1574 ipitm
897 1491 1076 1572 permultae
1104 1490 1236 1556 notitiae
1262 1489 1430 1556 dedicatio-

310 1607 387 1650 num
408 1583 446 1648 in
469 1583 525 1648 noc
547 1581 651 1648 codice
673 1583 815 1646 collectae
837 1579 911 1660 sint,
935 1585 1041 1645 menen
1063 1601 1128 1645 non
1143 1599 1248 1644 munes
1271 1600 1431 1644 conseera-

310 1673 410 1739 tiones
439 1671 591 1737 altarium
614 1670 740 1735 Montis
763 1669 796 1735 S.
814 1667 905 1734 Petri
934 1668 1104 1734 adnotatae
1130 1669 1294 1750 habentur,
1318 1669 1432 1733 desunt

310 1761 396 1828 onim
410 1782 474 1841 eae,
493 1762 531 1825 de
546 1759 660 1842 quitus
678 1758 716 1824 in
736 1757 831 1825 Crou.
849 1757 882 1823 S.
896 1756 987 1822 Petri
1001 1760 1155 1823 moderna
1173 1780 1203 1823 a.
1219 1762 1314 1837 1290,
1330 1779 1430 1839 snpra

305 1872 342 1934 p.
358 1856 433 1932 296,
457 1851 592 1915 relatum
614 1854 669 1914 est.
1171 1846 1206 1913 0.
1230 1846 1341 1911 H.-E.
1441 1872 1466 1912 a

481 2145 620 2201 SANCTI
638 2143 816 2200 SPIRITUS
834 2142 944 2200 ASSIT
963 2143 1077 2200 NOBIS
1096 2143 1261 2200 GRATIA!

227 2223 300 2332 lffi
420 2240 577 2306 Anno²·⁴
595 2240 638 2306 ab
662 2239 899 2304 incarnatione
916 2239 1048 2303 domini
1070 2239 1180 2303 nostri
1203 2239 1284 2304 Iesu
1300 2237 1431 2303 Christi

216 2319 572 2410 1„„‚152M⁰cxn⁰v11⁰,
601 2329 792 2393 indictione
815 2327 874 2404 X‘,
907 2327 1003 2392 XVI.
1036 2327 1113 2392 Kal.
1145 2327 1229 2391 Iulii
1259 2348 1432 2393 consecra·

315 2424 388 2483 tum
420 2423 472 2484 est
502 2418 748 2482 monasterium
779 2419 975 2481 sanctornm
1008 2416 1241 2501 apostolorum
1269 2417 1366 2481 Petri
1397 2421 1431 2482 et

314 2508 416 2572 Pauli
444 2509 482 2571 in
505 2505 707 2590 Erphordia‚
732 2505 915 2570 transactis
938 2504 1115 2569 XLIIII⁰r
1140 2507 1239 2570 annis
1266 2526 1287 2569 a
1309 2506 1467 2570 funda-so

314 2598 409 2661 tione
433 2597 586 2661 eiusdem
609 2594 810 2659 monasterii
819 2594 840 2672 ⁵,
865 2595 901 2658 in
925 2595 1055 2659 honore
1079 2596 1115 2658 et
1137 2595 1276 2660 nomine
1300 2615 1432 2660 summe

314 2689 351 2751 et
373 2685 551 2750 individue
573 2684 742 2748 trinitatis
766 2687 801 2748 et
819 2683 1097 2749 victoriosissime
1121 2687 1239 2748 sancte
1263 2685 1373 2748 crucis
1396 2687 1432 2747 et

315 2777 433 2840 sanate
456 2773 523 2838 Dei
552 2773 728 2858 genitricis
759 2792 960 2857 semperque
983 2772 1124 2856 virginis
1147 2772 1256 2837 Marte
1280 2776 1315 2837 et
1339 2793 1432 2836 sanc·

313 2868 430 2928 torum
453 2862 687 2948 apostolorum
703 2861 798 2926 Petri
822 2865 857 2927 et
873 2861 974 2926 Pauli
998 2866 1034 2926 et
1056 2861 1211 2924 omnium
1234 2865 1431 2926 sanctorum

314 2953 357 3018 ab
393 2951 558 3017 Heinrioo
592 2951 660 3016 Dei
694 2951 807 3035 gratia
841 2943 1067 3036 Magnntinob
1104 2950 1361 3035 archiepiscopo
1396 2954 1468 3016 etro

315 3043 473 3107 Ditmero
495 3041 685 3106 venerabili
708 3040 874 3104 Fardensi
897 3037 1148 3124 archipresulec
1171 3042 1207 3103 et
1226 3037 1432 3104 Gebehardo

314 3231 336 3284 a)
351 3233 439 3272 rubrica
453 3243 520 3271 snanu
533 3243 551 3275 s.
565 3231 627 3274 XVI.
638 3231 794 3281 praescripta:
808 3229 921 3270 Summum
935 3231 1013 3272 altare.
1053 3231 1075 3279 b)
1090 3231 1168 3281 tingat
1182 3241 1199 3272 o.
1240 3229 1261 3281 c)
1274 3229 1305 3269 sic
1319 3241 1335 3274 c.
1349 3235 1369 3268 et
1384 3230 1432 3272 Nic.

317 3411 343 3479 1)
361 3411 427 3464 (lum
445 3411 509 3464 haec
525 3411 612 3476 ipc'tur
630 3409 670 3462 bis
688 3411 718 3460 in
736 3408 819 3462 cadim
836 3409 938 3476 scripta
955 3411 1018 3474 sint,
1036 3425 1144 3460 manum
1163 3423 1229 3462 saao.
1242 3407 1291 3460 XI
1292 3409 1320 3462 t<
1340 3409 1371 3460 in
1383 3408 1433 3460 hac

312 3483 451 3550 particula
471 3485 495 3547 1,
522 3496 632 3532 manum
655 3495 720 3533 socc.
740 3480 804 3535 XV.
829 3482 847 3534 2
871 3481 986 3546 donam,
1028 3481 1120 3532 Pauca
1145 3495 1235 3533 eornm
1262 3495 1328 3548 quac
1350 3482 1453 3552 prior,

315 3569 412 3605 maniis
429 3555 582 3620 scripserat,
607 3551 665 3602 alta
686 3553 833 3617 postniorc
850 3567 933 3604 manu
951 3551 1081 3618 mcpcrlita
1099 3553 1155 3602 tam
1172 3567 1227 3603 non
1246 3551 1298 3618 lapi
1310 3557 1466 3618 possuntne

316 3626 343 3691 2)
360 3625 447 3676 Manu
465 3639 531 3677 saec.
543 3622 622 3676 XVI.
641 3621 765 3674 ombrious
788 3624 873 3674 minio
897 3623 990 3674 multis
1013 3623 1116 3674 notc'tir's
1133 3623 1285 3690 adscriptae
1305 3627 1376 3686 nent,
1401 3637 1433 3672 ac

315 3695 447 3748 nmnulla
460 3695 550 3759 deleta,
569 3709 636 3761 quaa
653 3693 761 3761 capellis
779 3693 941 3745 altaritmoe
957 3694 1098 3745 dcnrudis
1114 3695 1171 3746 iam
1189 3694 1292 3745 nullius
1310 3694 1436 3746 meriti

316 3765 481 3820 ridebantur.
553 3767 582 3830 3)
603 3764 666 3816 Post
684 3771 829 3817 extremam
847 3769 937 3816 notam
955 3765 1054 3817 editam
1078 3781 1104 3818 a.
1125 3766 1202 3820 1483.
1228 3781 1310 3816 manu
1331 3765 1433 3816 doeima

315 3851 381 3891 enoc.
400 3836 431 3888 X
435 3836 464 3891 V.
484 3852 523 3890 aa.
548 3839 663 3903 scriptae
686 3841 749 3887 suist
774 3836 795 3899 f.
817 3835 938 3891 16¹—18.
957 3835 1034 3888 Mune
1052 3835 1155 3888 litteras
1171 3835 1303 3888 Iohannis
1319 3836 1435 3902 miseconi

317 3907 476 3972 suranensis
500 3909 532 3960 da
549 3907 669 3958 dmimta
693 3908 819 3959 sacristia
843 3910 872 3958 iu
898 3906 988 3960 Monte
1012 3906 1041 3960 S.
1059 3906 1136 3958 Petri
1158 3907 1237 3960 datae
1260 3923 1286 3961 a.
1307 3909 1384 3962 1481.
1409 3914 1466 3960 an

317 3979 348 4030 de
365 3978 484 4030 dedicata
502 3979 607 4030 onusta
628 3977 801 4046 parroclciali
817 3979 897 4030 uillae
916 3978 1036 4044 Hopstcte
1056 3977 1135 4029 datae
1158 3981 1283 4034 (11484
1309 3979 1369 4032 lun.
1388 3980 1432 4034 20.

317 4049 420 4102 Dehinc
443 4049 466 4113 s.
488 4049 600 4105 18¹.1s.
624 4057 774 4117 sequnntur
798 4049 875 4102 tinae
899 4049 1002 4102 litterae
1026 4049 1057 4100 de
1076 4049 1284 4102 dedicationibus
1309 4065 1334 4103 a.
1354 4051 1432 4106 1701.

317 4122 397 4185 factis
421 4136 505 4171 manu
529 4137 594 4176 saoa.
613 4119 723 4174 XVIII.
748 4123 871 4187 scriptae.
954 4121 982 4188 4)
999 4119 1114 4187 Scanatus
1130 4122 1226 4172 notitia
1243 4123 1379 4186 exscripta
1397 4127 1434 4172 ost

318 4209 335 4243 a
354 4191 465 4243 No'oolao
482 4192 513 4244 de
531 4192 624 4258 Siopen
643 4193 680 4246 od.
696 4193 792 4258 Wepcls
812 4209 843 4260 p.
861 4193 914 4247 321
932 4207 971 4259 sq.
1008 4191 1099 4242 Poma
1123 4191 1202 4244 rerba
1227 4207 1260 4244 cu
1277 4207 1308 4244 aa
1326 4199 1432 4258 eccepto

317 4267 380 4314 suut
405 4263 434 4313 tn
453 4261 533 4315 Oron.
558 4263 586 4317 S.
604 4263 687 4330 Patri,
710 4279 795 4330 stupra
815 4279 846 4330 p.
867 4265 926 4318 177.
998 4263 1026 4328 5)
1043 4261 1116 4316 Haeo
1132 4263 1211 4315 urta
1227 4260 1380 4331 (tmnmatis
1400 4273 1467 4314 -ιο

318 4333 444 4402 monast.)
464 4335 494 4385 in
511 4335 584 4388 Anu.
604 4335 632 4389 S.
645 4333 721 4387 Petri
737 4333 825 4402 llrple.
844 4333 964 4387 nunus
981 4339 1004 4386 ct
1022 4334 1171 4386 mointbus
1188 4341 1266 4386 notae
1284 4333 1433 4386 Annalium

318 4406 347 4458 S.
359 4405 435 4457 Petri
450 4407 623 4472 antiquorum
641 4406 735 4457 addita
753 4411 823 4471 sunt,
842 4421 928 4474 supra
942 4421 971 4472 p.
986 4407 1021 4461 54
1032 4421 1069 4472 sq.
