3208 5006
587 1319 761 1404 LIBER
791 1316 1173 1404 ORONIOORUM

453 1509 580 1594 SIVE
611 1506 867 1592 ANNALIS
899 1504 1312 1592 ERFORDENSIS.

427 1745 580 1826 Karalus
607 1758 727 1825 Weucta
756 1758 794 1824 V.
822 1757 870 1823 ot.
902 1756 1014 1840 optime
1044 1758 1081 1822 de
1110 1757 1168 1824 boe
1198 1757 1280 1824 tibro
1308 1757 1450 1824 ruerit-ecs

320 1857 374 1931 est,
405 1848 460 1931 qui
483 1849 612 1931 pnnzus
640 1849 678 1912 de
707 1847 750 1911 iis
779 1867 860 1929 quae
889 1845 944 1911 illo
974 1845 1183 1928 continentur,
1214 1848 1251 1912 de
1281 1845 1447 1913 codicibus

322 1939 398 2020 eius,
423 1940 461 2004 de
477 1937 591 2020 patria
613 1959 652 2002 aa
675 1935 806 2002 consilio
829 1935 969 2001 auctoris
991 1941 1021 1999 et
1043 1937 1080 2000 cte
1103 1935 1244 2015 fannbus
1266 1935 1334 2000 eius
1357 1957 1474 2019 epra-s

318 2028 370 2112 pie
386 2027 543 2092 disserens
566 2025 664 2091 tricem
687 2023 717 2089 ei
740 2024 845 2090 attutit
858 2043 1052 2105 ucapnosquc
1070 2023 1139 2088 eius
1158 2031 1267 2106 partes
1289 2024 1325 2089 in
1342 2025 1444 2090 lucem

321 2116 471 2196 uocauit¹,
496 2121 604 2197 aptum
627 2113 723 2179 etiam
745 2113 871 2178 titutum
893 2111 923 2177 ei
945 2111 1074 2178 indidit.

428 2203 606 2285 Frrfordiae
628 2208 787 2268 auctorem
808 2201 947 2266 m'm'sse¹
969 2201 1037 2267 iam
1060 2207 1158 2284 patet,
1191 2221 1261 2266 uem
1288 2201 1327 2266 iu
1357 2203 1442 2268 clau·

323 2295 394 2360 suta
422 2292 537 2374 capitis
566 2294 603 2357 de
633 2290 755 2374 oripine
779 2290 944 2356 Saxonum
973 2289 1091 2354 amerit
1112 2311 1145 2355 se
1166 2289 1321 2355 uolumini
1343 2292 1442 2370 finem

322 2382 516 2464 imposuisse,
547 2387 582 2446 ut
608 2381 709 2463 ptura
739 2378 917 2461 scripturus
950 2377 1069 2460 alianis
1099 2380 1142 2444 ab
1173 2381 1312 2445 exordio
1341 2382 1441 2464 regni
1456 2402 1487 2440 ιο

323 2473 576 2555 Thuringorum
602 2521 608 2534 .
635 2517 641 2530 .
667 2516 675 2532 .
701 2469 815 2534 etde
839 2469 928 2533 sibu
955 2471 998 2533 eb
1028 2469 1287 2534 condicione
1318 2469 1442 2533 urbis

324 2559 607 2625 Erfordensis
642 2579 831 2642 congruum
870 2557 1042 2622 scribendi
1080 2558 1287 2642 principium
1321 2559 1440 2622 faciat.

328 2650 417 2731 Quoad
445 2668 523 2712 sane
556 2667 645 2711 nemo
679 2646 745 2711 uisi
775 2644 987 2726 Erfordensis
1015 2643 1200 2728 scripsisset.
1252 2645 1314 2727 Qui
1346 2647 1440 2711 etiam

324 2759 392 2804 cum
415 2737 452 2802 in
475 2735 575 2818 capite
597 2737 635 2801 de
658 2734 782 2818 oripine
804 2735 1007 2799 Francorum
1036 2735 1074 2800 de
1096 2734 1222 2800 ciuitate
1245 2734 1441 2814 Erfordeusi

323 2827 463 2907 fundata
486 2832 514 2891 et
536 2826 574 2890 de
595 2823 786 2889 manasterio
801 2821 927 2888 Mortis
943 2823 977 2888 S.
994 2822 1086 2887 Petri
1107 2822 1154 2887 ibi
1176 2829 1360 2905 constructa,
1384 2825 1440 2888 sub
1454 2846 1485 2884 as

325 2939 356 2981 a.
373 2921 466 2979 1270.
491 2915 528 2979 de
550 2912 700 2978 monstris
714 2911 893 2992 Erfurdiae
915 2911 1003 2976 natis
1017 2911 1167 2994 retulerit,
1191 2932 1324 2994 auarum
1341 2934 1439 2977 unum

323 3005 391 3070 suis
420 3003 608 3085 torporibus
636 3001 754 3066 uouisse
784 2999 910 3082 (tinuit
941 2999 1037 3065 buius
1058 3000 1149 3065 urbis
1170 3000 1277 3066 iucota
1299 3001 1440 3083 apnosci-

325 3101 386 3159 tur.
433 3091 580 3157 Meuium
608 3112 681 3156 aero
710 3089 793 3155 idem
817 3090 973 3171 probatur
995 3109 1033 3154 eu
1061 3089 1234 3154 annalibus
1264 3089 1345 3154 tibro
1373 3091 1441 3154 sub·

325 3181 424 3264 rueris,
447 3181 485 3246 in
507 3179 620 3262 auibus
642 3200 707 3244 non
729 3180 819 3243 modo
841 3180 879 3243 de
900 3176 1008 3242 multis
1029 3177 1167 3242 ecclesiis
1189 3177 1442 3258 Erfordensibus

325 3273 459 3337 relatum
481 3276 534 3351 cst,
562 3271 618 3335 sed
639 3267 734 3333 etiam
756 3274 913 3332 auctorem
935 3267 1059 3332 easdem
1081 3266 1228 3332 ecclesias
1249 3265 1366 3332 uidisse
1388 3289 1484 3348 aprio

319 3366 427 3443 paret,
457 3365 492 3423 ut
526 3379 595 3424 mm
628 3359 684 3422 sub
714 3377 744 3420 a.
773 3361 866 3420 1154.
897 3354 1016 3421 diruit
1048 3355 1208 3421 ecclesiam
1242 3355 1276 3421 S.
1307 3355 1442 3420 Manae

325 3470 439 3514 navam
461 3449 593 3512 utiam
616 3447 769 3512 cernitur
794 3445 997 3524 aedificatam
1019 3465 1093 3524 csse,
1124 3444 1172 3510 oet
1199 3446 1256 3509 sub
1286 3467 1317 3510 a.
1345 3451 1440 3508 1224.

326 3537 491 3619 antiquum
520 3542 703 3601 conuentum
731 3534 872 3614 fratrum
901 3533 1071 3597 Minorum
1104 3532 1180 3597 otim
1213 3531 1309 3598 situm
1340 3533 1442 3614 fuisse

326 3627 387 3693 ubi
402 3647 493 3690 nunc
509 3628 651 3690 manent
665 3625 792 3688 infirmi
815 3623 941 3707 leprosi
950 3623 971 3684 ³.
1008 3619 1188 3687 Certissima
1203 3621 1327 3704 patebit
1341 3629 1441 3688 aucto·

329 3820 354 3885 1)
375 3817 510 3870 ‘Zettscbr¹
529 3817 573 3869 des
592 3817 699 3868 Vereins
717 3816 766 3878 fur
789 3815 922 3879 Tituriup.
944 3813 1033 3866 Gescb.
1053 3813 1089 3867 N.
1102 3813 1145 3866 F!
1165 3813 1215 3877 IV,
1239 3831 1266 3881 p.
1287 3813 1483 3868 187-251m

327 3893 354 3954 2)
378 3889 452 3952 Quod
470 3904 527 3939 cum
546 3895 612 3940 recte
629 3889 763 3938 statuisset
783 3887 819 3939 K.
838 3885 1004 3949 Herrmauu,
1031 3883 1102 3938 Bibl.
1122 3885 1274 3948 Erfurtc'na
1297 3900 1326 3952 p.
1345 3886 1378 3938 61
1392 3901 1441 3950 sp,

328 3961 362 4014 K.
385 3959 486 4024 Wenak,
513 3959 687 4024 ‘Entstehuup
713 3957 761 4008 der
785 3955 1058 4008 Reiubardsbrunuer
1077 3955 1333 4008 Guanhcsnnmr’
1349 3972 1378 4021 p.
1398 3959 1441 4010 52.

327 4033 439 4097 nepavtt,
468 4031 573 4082 Ismaci
597 4031 688 4097 potitos
715 4035 846 4081 auderem
872 4027 1009 4093 scripsisse
1035 4029 1171 4093 connum,
1199 4027 1245 4079 scd
1267 4032 1359 4094 postca
1388 4028 1444 4094 ipse

328 4103 494 4166 ‘Zettscbrift
511 4103 536 4155 d.
552 4101 581 4152 V.
601 4103 623 4164 f.
640 4101 771 4165 ttrite-inp.
786 4097 874 4151 Gessit.
894 4097 929 4150 N.
943 4097 985 4147 F!
998 4096 1016 4146 I
1020 4097 1048 4162 V,
1065 4113 1094 4163 p.
1110 4100 1169 4152 189.
1191 4100 1250 4152 197.Ι
1269 4096 1444 4150 Hurmanuo

328 4189 450 4224 assaumis
461 4179 506 4226 at.
560 4173 588 4236 3)
609 4171 664 4222 Sub
675 4188 700 4224 a.
712 4173 790 4226 1123.
807 4172 886 4221 ctiam
903 4167 974 4219 dixit
987 4167 1112 4220 moniales
1130 4171 1161 4219 in
1172 4174 1284 4220 montem
1296 4170 1324 4220 S.
1335 4167 1445 4232 Cyriacc'
1453 4181 1485 4218 so

329 4245 478 4294 translatas
502 4259 555 4295 esse
579 4241 626 4295 ubi
651 4258 724 4294 nunc
749 4244 819 4294 sunt.
857 4239 967 4292 cunm
984 4239 1028 4290 bis
1045 4238 1108 4291 tacis
1125 4255 1184 4291 cum
1203 4241 1323 4292 Crouicis
1341 4239 1444 4303 Eufor-

328 4314 451 4365 dcnsr'bus
467 4315 685 4378 Eupetbusiam's,
704 4313 847 4379 inquibus
865 4311 943 4362 cnon
961 4310 1094 4376 loquutur,
1112 4312 1241 4378 perspicis
1258 4310 1328 4375 baec,
1346 4311 1444 4376 quibus

323 4385 459 4451 probatur
482 4385 552 4436 bunc
576 4392 708 4437 auctorem
733 4384 849 4436 mcbsios
877 4381 1124 4445 basErfmuteuses
1142 4383 1244 4446 obtuse,
1262 4381 1372 4447 abipso
1391 4398 1445 4434 csse

328 4455 429 4507 addita.
