3162 5022
254 503 435 560 eleemon
448 504 475 566 S.
485 503 600 560 PETRI
611 503 871 560 ERFORDENSIS
884 503 974 562 Mol).
993 505 1029 562 A.
1040 509 1118 563 1212.
1207 510 1259 564 211

120 691 245 750 exilem
271 693 438 752 fortunam
461 695 566 752 omnia
588 695 736 769 principis
767 693 825 752 sibi
855 694 995 769 patefieri
1022 670 1428 786 castella,cumc12(¹,{·m

123 781 195 855 ipsa
220 782 361 840 robusta
383 800 482 841 manu
505 783 651 852 militum,
675 783 729 859 qui
752 782 875 840 adduc
899 783 985 840 milia
1008 787 1047 840 et
1069 784 1257 860 quingentos

123 871 285 929 recensiti
308 872 548 940 estimabantur,
572 873 613 929 ad
631 872 786 930 anteriora
810 871 946 930 civitatis
969 889 1030 947 que
1046 873 1257 931 Albus-lacus

14 970 15 1007 l
123 957 251 1017 dicitur
277 965 381 1018 mama
405 962 516 1019 metati
532 965 617 1018 sunt.
653 960 778 1018 Interea
801 960 987 1036 nupciarum
1010 961 1170 1036 impendia
1185 979 1374 1030 summutas).

85 1046 281 1120 ogleriosis
315 1050 462 1125 expensis
490 1047 633 1108 Ottoni
669 1050 702 1106 in
732 1048 913 1107 Northusen
946 1054 1163 1125 procurantur,
1198 1068 1258 1126 que

122 1153 247 1196 sereno
265 1139 393 1214 quidem
417 1143 450 1196 et
464 1139 527 1197 leto
547 1139 697 1214 principio
721 1138 936 1207 inchoata,
961 1139 1043 1196 tristi
1065 1138 1128 1196 fine
1151 1139 1258 1198 tabue-

10 1300 11 1303 ,
123 1231 216 1284 runt.
269 1227 365 1285 Nam
396 1227 617 1285 celebratis
640 1225 804 1302 nupciis
822 1269 959 1285 ......
966 1225 982 1257 ⁸
1008 1227 1138 1285 eadem
1162 1229 1258 1303 impe·

10 1312 11 1323 ¹
122 1315 264 1386 ratrix,
289 1317 456 1374 scilicet
478 1315 559 1392 regis
582 1315 717 1390 Philippi
740 1315 814 1384 fllia,
838 1331 934 1390 parvo
957 1320 1030 1391 post
1052 1321 1192 1391 tempore
1216 1317 1257 1374 ad

9 1398 10 1443 1
125 1404 259 1462 malum
289 1404 418 1463 Ottonis
449 1405 532 1463 diem
563 1405 676 1462 clausit
699 1409 884 1462 extremum.
932 1403 1092 1480 Siquidem
1115 1405 1257 1481 lugubris
1266 1425 1383 1472 (suano.

8 1490 9 1556 l
88 1503 165 1548 wac
199 1499 327 1552 mestus
351 1491 429 1552 Otto
458 1494 676 1552 lamentabiles
707 1509 821 1568 sponse
852 1510 908 1550 sue
930 1498 1022 1569 parat
1044 1495 1202 1570 exequias,
1225 1499 1258 1553 et

7 1558 9 1650 J
125 1581 220 1639 sicut
248 1586 326 1642 ante
356 1583 515 1641 modicum
538 1583 665 1658 quidem
692 1581 852 1657 gaudebat
875 1587 907 1640 et
930 1584 1019 1658 quasi
1042 1583 1258 1658 triumphabat

7 1697 8 1738 ,
125 1672 336 1746 nuptialibus
366 1676 400 1730 et
427 1671 498 1730 letis
528 1671 717 1747 crepundiis,
747 1671 792 1728 ita
826 1671 1029 1746 postmodum
1062 1673 1257 1748 gravioribus

127 1757 318 1835 desperavit
340 1778 386 1818 ac
408 1761 577 1818 acrioribus
601 1745 803 1818 tabescebatb
832 1757 973 1818 iacibns⁰
1001 1759 1131 1820 funeris.
1177 1761 1256 1820 Inde

7 1867 8 1922 ᾗ
128 1865 310 1908 reversus
332 1851 375 1907 ad
398 1849 653 1908 obsidionem
676 1849 799 1906 invenit
824 1849 928 1924 pigros
952 1849 994 1906 ad
1016 1867 1172 1925 pugnam:
1196 1851 1256 1908 ior·

93 1940 216 1996 “tuna
229 1955 397 2014 prosperos
413 1939 546 1996 mentita
569 1955 734 1996 successus
758 1941 894 1994 mutata
917 1942 980 1995 est
1002 1939 1035 1994 in
1054 1939 1255 2008 conbarium,

130 2025 181 2084 ita
204 2028 290 2103 quod
312 2045 472 2102 nusquam
495 2027 554 2084 sibi
576 2026 666 2096 fides,
690 2044 848 2101 nusquam
878 2025 941 2083 fida
965 2027 1089 2084 auxilia.
1135 2027 1256 2085 Tamen

132 2117 297 2174 mediante
332 2116 512 2174 marchione
546 2116 706 2173 Misnense
740 2115 832 2191 pauci
866 2114 997 2172 adverse
1031 2115 1143 2189 partis,
1179 2115 1256 2173 dum

133 2205 334 2263 multitudini
357 2206 523 2280 nequirent
545 2205 703 2273 rebellare,
729 2205 760 2261 in
776 2221 890 2261 manus
913 2204 1014 2278 regias
1038 2220 1075 2262 eo
1097 2208 1189 2279 pacto
1206 2205 1256 2262 de·

134 2291 252 2351 derunt
268 2295 440 2363 civitatem,
464 2294 549 2369 qnod
569 2293 611 2350 ad
627 2297 784 2350 statutum
799 2293 971 2350 terminum
991 2293 1145 2350 interioris
1161 2295 1256 2351 castri

96 2380 241 2441 &diruta
271 2383 458 2440 resarcirent
488 2387 521 2440 et
550 2399 583 2440 se
617 2383 651 2438 in
685 2382 729 2439 eis
762 2381 944 2456 reciperent,
981 2381 1080 2439 donec
1114 2383 1255 2440 volunta·

135 2473 199 2528 tem
225 2459 411 2547 ‘principis‘l
444 2471 667 2546 experirentur,
699 2471 726 2526 si
748 2470 844 2528 vellet
874 2471 907 2527 in
931 2469 1127 2528 dedicionem
1156 2471 1200 2529 ire
1224 2476 1350 2537 et·r.1so.

136 2575 208 2618 cum
238 2577 332 2636 rege
362 2577 556 2636 componere.
603 2560 731 2634 Recepti
758 2576 831 2616 vero
861 2559 943 2617 inira
973 2559 1184 2617 municionem
1214 2561 1256 2618 ad

138 2648 349 2707 resistendum
387 2649 643 2725 obpugnantibus
677 2663 713 2707 se
748 2641 926 2726 parabant.
979 2647 1254 2724 Lantgravius

132 2742 254 2808 autem,
278 2738 388 2796 andito
410 2741 502 2813 pacto
525 2742 563 2796 et
586 2737 777 2806 condicione,
802 2737 886 2812 quod
901 2737 1005 2812 potuit
1027 2755 1083 2812 pro
1105 2739 1255 2813 temporis

99 2827 268 2885 ”articulo
298 2826 430 2902 largitus
460 2830 510 2884 est
539 2827 758 2894 militantibus,
789 2825 905 2884 bonam
939 2827 984 2883 eis
1014 2826 1254 2885 retribucionem

138 2932 205 2990 pro
234 2915 394 2973 laboribus
423 2915 583 2973 iacturum
612 2915 772 2990 pollicens.
819 2912 901 2985 Quo
931 2914 1040 2972 andito
1064 2912 1139 2972 Otto
1161 2915 1254 2973 inire·

136 3006 226 3074 muit,
251 3021 327 3062 voce
357 3003 521 3079 preconia⁰
549 3003 686 3061 militnm
715 3005 838 3079 copiam
867 3003 978 3061 adesse
1001 3005 1201 3078 premonuit
1222 3009 1256 3062 et

135 3092 312 3151 instaurato
357 3093 411 3150 illo
451 3094 729 3150 instrumento
768 3085 1007 3166 dyabolico1
1044 3092 1254 3151 inestimande

135 3181 364 3257 magnitudinis
399 3198 475 3239 saxa
509 3181 623 3239 conicit
652 3185 685 3238 et
713 3181 805 3239 illud
839 3185 1018 3238 castrum
1048 3167 1250 3238 subverterer

98 3282 210 3328 neura
240 3271 366 3346 satagit.
412 3269 576 3328 Interea
598 3270 720 3327 Bawari
749 3274 782 3327 et
805 3268 908 3339 Saevi,
939 3268 1103 3326 audientes
1135 3268 1254 3326 heredi-

134 3361 249 3418 teriam
272 3376 365 3417 suam
387 3359 549 3417 dominam
571 3359 801 3434 imperatricem
824 3359 889 3416 iam
911 3358 1054 3416 debitum
1077 3358 1179 3414 carnis
1196 3358 1253 3415 sol·

135 3449 229 3518 visse,
259 3446 385 3505 furtivis
416 3447 574 3523 elapsibus
604 3453 702 3504 nocte
733 3447 871 3504 sarcinas
909 3464 983 3504 suas
1010 3446 1190 3504 deserentes
1221 3451 1254 3504 et

136 3534 287 3594 Ottonem
321 3537 354 3594 in
388 3535 571 3594 confusione
609 3536 821 3610 relinquentes
859 3536 1077 3611 repatriarent.
1132 3534 1254 3609 Reliqui

135 3627 235 3684 ceiam
264 3626 371 3700 iuopia
400 3626 510 3695 coacti,
540 3643 613 3682 cum
643 3625 690 3682 ab
721 3624 850 3682 Ottone
881 3625 925 3680 nil
955 3625 1152 3698 reciperent,
1183 3640 1253 3681 con·

98 3715 271 3790 &sumptis
305 3714 447 3772 vestibus
482 3717 514 3772 et
547 3715 653 3782 armis,
683 3714 805 3789 pedites
838 3716 1048 3780 recesserunt;
1084 3715 1179 3788 atque
1208 3713 1253 3770 ita

134 3805 291 3861 minorato
321 3804 458 3861 exercitu
488 3804 521 3860 in
550 3803 712 3860 obsidione
741 3819 902 3860 remanere
931 3800 1123 3858 formidabat
1144 3805 1183 3859 et
1205 3819 1253 3860 ca·

135 3897 237 3951 strum
259 3892 339 3949 illud
361 3892 527 3950 deserens
551 3884 743 3970 Erphordie
774 3905 808 3950 se
832 3884 963 3968 recepit
972 3883 992 3947 ².
1039 3889 1096 3946 His
1120 3891 1164 3948 ita
1187 3908 1381 3966 per-(xum)

135 4079 157 4124 ι)
175 4078 271 4127 spatium
285 4077 350 4116 unsa·
363 4077 421 4116 voela
434 4087 524 4115 omum
538 4077 643 4124 ratetum,
662 4077 756 4123 sonasse
773 4076 856 4114 nomba·
870 4075 911 4114 loci
924 4075 1035 4114 imsrosdo
1049 4077 1068 4117 1.
1135 4076 1158 4124 b)
1178 4079 1253 4116 conta·

135 4131 240 4170 bssesbst
253 4131 279 4172 11.
333 4128 354 4180 o)
367 4130 399 4169 sie
411 4130 444 4176 B,·
458 4129 556 4168 assibus
571 4131 589 4172 1.
630 4127 654 4178 d)
668 4130 686 4167 L
700 4130 758 4177 aad,
773 4130 845 4167 eadem
860 4139 927 4166 anana
940 4139 1046 4176 super-scr.
1060 4128 1214 4178 lantgravii
1234 4131 1252 4180 l,

98 4184 218 4232 mulam:
232 4185 290 4223 aem
303 4183 330 4226 R.
384 4185 405 4232 e)
419 4184 451 4222 sle
463 4183 499 4232 B,·
512 4181 526 4233 ᾗ
541 4185 560 4227 1.
613 4181 632 4233 i)
646 4183 717 4222 strocl
730 4183 825 4230 fortasse
839 4182 877 4220 hoc
891 4183 936 4220 loco
950 4192 977 4220 ex
990 4181 1010 4220 R
1023 4183 1172 4232 supplendum.

137 4345 162 4411 1)
185 4343 336 4396 Tribruclro
352 4358 440 4410 eupm
453 4359 484 4409 p.
495 4345 558 4408 210,
577 4342 594 4396 1.
608 4345 650 4397 36.
670 4343 746 4396 ds'eto.
792 4343 820 4408 2)
837 4339 992 4410 Erphordie
1010 4359 1039 4394 se
1056 4341 1168 4410 recepit,
1187 4357 1254 4409 quae

135 4416 165 4465 e'a
190 4414 268 4468 Orsa.
288 4413 482 4468 Betthardsbr.
508 4432 535 4482 p.
555 4416 616 4478 580,
642 4415 659 4466 l.
678 4415 721 4467 42.
747 4413 848 4479 meunt,
874 4429 907 4465 ex
928 4414 1000 4467 ΑΜ.
1023 4413 1254 4479 Erphordensihua

134 4485 255 4538 breribm
272 4487 376 4539 insana
394 4484 523 4539 aomar.
563 4485 605 4548 Cf.
624 4483 725 4548 ‘illaad
745 4484 947 4550 Sohdpperwhr!
962 4503 990 4552 p.
1005 4486 1064 4539 137.

989 4589 1041 4646 14*
