3188 4990
235 453 289 507 268
360 448 526 504 GRONIOA
538 449 565 504 S.
576 447 692 503 PETRI
703 447 964 504 ERFORDENSIS
976 447 1067 505 MOD.
1086 447 1121 502 A.
1134 450 1210 504 1274.

147 641 223 697 1274.
235 632 396 697 canonice
418 633 580 697 ordinari.
689 631 821 696 Statuit
844 633 951 696 eciam
974 651 1065 717 papa
1074 631 1094 710 ¹,
1119 632 1210 715 quod
1232 651 1349 697 omnes

234 722 470 786 advocacionis
500 720 653 786 officium
684 722 720 784 in
750 721 861 786 causis
888 720 1127 786 ecclesiasticis
1151 719 1450 799 *habenteaanm

233 811 303 874 sive
327 813 564 894 procuratores
588 811 680 893 apud
695 811 811 874 sedem
827 809 1050 894 apostolicam
1074 810 1145 874 sive
1164 808 1257 888 alibi,
1280 813 1349 874 tac·

232 899 278 962 tis
308 898 532 963 sacrosanctis
566 899 762 983 evangeliis
796 902 952 983 prestent
985 899 1226 973 iuramentum,
1257 898 1349 982 quod

233 988 326 1051 omni
355 1007 418 1051 sua
445 987 574 1052 virtute
604 991 639 1052 et
669 987 762 1051 omni
791 1007 855 1071 ope
884 987 976 1070 quod
1006 1007 1130 1070 equum
1161 990 1196 1052 et
1218 987 1373 1051 iustums

233 1080 285 1140 est
315 1077 384 1140 suis
415 1076 589 1141 clientulis
619 1076 786 1154 inferent3
818 1077 939 1158 quodsi
962 1076 1160 1140 huiusmodi
1182 1077 1348 1140 iuramen-

231 1168 306 1228 tum
330 1165 458 1230 violare
482 1166 751 1249 presumpserint
773 1165 921 1229 scienter
951 1167 1013 1228 aut
1034 1164 1187 1247 iniquam
1212 1185 1348 1228 causam

231 1254 357 1329 fovere,
383 1253 526 1338 duplum
548 1255 744 1330 restituant,
769 1253 860 1336 quod
887 1256 958 1317 tam
982 1273 1044 1338 pro
1067 1253 1186 1336 iniqua
1208 1255 1348 1318 advoca·

232 1343 329 1407 cione
359 1343 414 1406 vel
444 1343 687 1426 procuracione
716 1345 929 1426 receperunt.
1038 1341 1128 1406 Item
1155 1363 1245 1426 papa
1268 1340 1347 1406 Gre-

231 1433 347 1514 gorius
370 1433 413 1494 X.
444 1431 652 1515 prohibuit²‚
684 1452 727 1496 ne
757 1431 880 1514 aliquis
907 1432 1094 1496 advocatus
1122 1432 1160 1493 in
1190 1451 1385 1513 quacum-ro

232 1541 297 1602 que
328 1540 429 1584 causa
459 1520 553 1584 ultra
581 1521 658 1596 XX,
689 1523 891 1604 procurator
919 1539 1000 1585 vero
1029 1519 1123 1583 ultra
1146 1519 1220 1583 XII
1242 1519 1347 1584 libras

232 1609 348 1672 salarii
370 1609 521 1692 recipere
545 1612 759 1693 presumant;
790 1608 849 1691 qui
879 1611 996 1673 autem
1026 1608 1118 1671 ultra
1144 1609 1345 1692 receperint,

232 1698 275 1760 ad
287 1698 575 1762 restauracionem
590 1698 760 1780 integram
776 1719 895 1762 eorum
910 1717 976 1780 que
990 1702 1195 1780 receperunt
1209 1702 1347 1762 tenean-

231 1789 298 1848 tur.
360 1785 607 1851 Itemlstatuit
619 1786 785 1870 papa⁸,ut
796 1786 931 1869 prelati,
945 1787 1004 1869 qui
1016 1787 1059 1851 ob
1068 1786 1347 1871 procuracionem

231 1874 297 1939 sibi
314 1874 464 1938 debitam
488 1875 625 1939 racione
648 1875 858 1939 visitacionis
882 1876 1062 1958 pecuniam
1081 1875 1225 1958 exigunt
1248 1879 1284 1939 et
1299 1895 1383 1939 rere

231 1964 374 2046 cipiunt,
399 1966 439 2027 ut
468 1964 562 2028 avari
585 1963 833 2047 archiepiscopi
857 1967 892 2028 et
915 1964 1067 2048 episcopi
1096 1967 1158 2027 aut
1186 1964 1245 2027 alii
1276 1984 1347 2048 pre·

231 2053 303 2130 lati,
328 2053 481 2136 duplum,
506 2052 597 2136 quod
615 2056 828 2136 receperunt,
852 2052 994 2118 ecclesie
1018 2073 1122 2136 aqua
1143 2056 1347 2137 receperunt

230 2141 322 2205 infra
345 2162 495 2206 mensem
518 2143 660 2206 reddere
682 2145 879 2219 teneantur,
903 2141 1058 2225 alioquin
1073 2145 1199 2206 extunc
1221 2143 1347 2224 ingres·

230 2251 303 2294 sum
334 2231 477 2295 ecclesie
507 2231 572 2294 sibi
601 2231 760 2295 noverint
781 2231 1007 2296 interdictum
1035 2234 1070 2295 et
1093 2230 1301 2296 sentenciam
1327 2251 1347 2292 a

230 2318 329 2383 nobis
353 2324 474 2382 contra
496 2318 583 2382 tales
607 2319 717 2383 sciant
746 2320 814 2382 iam
838 2313 1010 2384 latamli.
1057 2319 1243 2383 Inferiores
1266 2331 1382 2382 vero2⁰

231 2407 274 2471 ab
305 2407 420 2472 officio
450 2412 485 2472 et
513 2407 679 2472 beneficio
708 2406 867 2472 noverint
897 2429 932 2473 se
956 2428 1145 2493 suspensos,
1170 2425 1345 2490 quousque

231 2496 267 2558 in
290 2495 396 2579 duplo
420 2496 617 2559 huiusmodi
647 2497 798 2561 ecclesiis
825 2498 976 2580 gravatis
998 2496 1223 2570 satisfaciant,
1248 2494 1346 2558 nulla

231 2585 279 2649 eis
309 2585 346 2648 in
375 2585 440 2648 hoc
471 2584 630 2649 dantium
657 2587 865 2660 remissione,
897 2585 1103 2651 liberacione
1138 2604 1198 2649 seu
1230 2583 1346 2668 gracia

230 2672 346 2755 aliqua
374 2673 533 2737 valitura.
641 2675 855 2739 Personis⁰·5
884 2675 1042 2738 ordinum
1072 2672 1346 2737 mendicancium

230 2761 390 2845 prohibet
428 2783 517 2846 papa
554 2763 590 2825 in
634 2763 778 2828 concilio
817 2764 955 2828 omnino
1000 2757 1270 2846 predicacionis(l
1311 2765 1383 2826 etas

230 2851 400 2914 audiende
430 2852 654 2916 confessionis
684 2853 837 2916 officium
867 2851 995 2935 absque
1018 2851 1163 2916 licencia
1186 2850 1345 2934 plebano·

229 2960 318 3016 rum,
349 2940 408 3022 qui
442 2939 594 3005 ecclesiis
629 2945 784 3024 presunt,
821 2944 856 3005 et
890 2941 1098 3005 admittendi
1133 2939 1345 3024 sepulturam

134 3031 442 3093 *arsamortuorum
464 3029 501 3092 in
524 3029 750 3113 preiudieium
768 3029 938 3093 *aliorum
974 3029 1020 3092 Et
1039 3029 1208 3113 probibet,
1228 3049 1271 3092 ne
1288 3028 1345 3092 ali-

229 3117 305 3200 quis
335 3118 377 3181 de
406 3120 519 3182 cetero
551 3138 678 3182 novum
708 3118 861 3182 ordinem
893 3121 928 3182 et
956 3119 1158 3201 religionem
1192 3116 1346 3182 inveniat

230 3209 290 3269 aut
313 3206 472 3270 habitum
496 3227 582 3271 nove
605 3207 781 3289 religionis
805 3211 967 3271 assumat.
1013 3206 1190 3289 Reprobat
1213 3207 1340 3270 eoiam⁰
1356 3221 1383 3262 ω

229 3315 346 3360 omnes
369 3298 447 3380 post
462 3295 692 3360 Lateranense
717 3296 899 3360 concilium
921 3295 1101 3358 institutos
1124 3295 1260 3359 ordines
1283 3314 1346 3359 nec

229 3405 250 3447 a
272 3385 352 3449 sede
376 3384 565 3468 apostolica
587 3384 803 3469 approbatos,
827 3385 878 3447 ita
900 3387 941 3448 ut
963 3384 1098 3447 nullum
1117 3385 1279 3468 deinceps
1302 3383 1346 3446 ad

229 3473 383 3537 ordinem
399 3494 517 3538 eorum
532 3474 700 3558 recipiant
723 3493 786 3538 nec
802 3474 941 3537 domum
964 3472 1019 3537 vel
1035 3472 1183 3555 aliquem
1207 3463 1343 3536 locum‘

230 3562 408 3644 acquirant
438 3583 500 3626 nec
535 3581 589 3625 res
623 3583 741 3627 eorum
775 3565 836 3626 aut
871 3562 989 3626 domos
1024 3560 1175 3626 alienare
1206 3560 1347 3626 valeant

229 3749 251 3800 a)
265 3751 308 3790 Itffi
323 3753 335 3789 1
348 3761 419 3800 caepa.
480 3751 503 3804 b)
517 3757 540 3792 et
553 3753 689 3793 sentenciam
702 3763 717 3791 a
730 3752 795 3792 nobis
808 3756 887 3792 contra
901 3752 956 3792 tales
971 3755 1013 3794 etc.
1027 3751 1105 3790 eurum
1119 3751 1170 3793 add.
1185 3752 1204 3793 1.
1258 3754 1278 3800 c)
1292 3751 1347 3790 Per·
1357 3754 1383 3794 8⁶

228 3813 293 3844 rona:
308 3806 331 3854 13
352 3805 408 3844 Item
427 3807 527 3854 personis
545 3803 618 3849 mend.
631 3803 678 3848 ord
692 3805 766 3854 mu
780 3805 805 3848 Ε.
868 3803 892 3856 d)
905 3806 936 3844 ele
954 3803 977 3847 V.
991 3801 1187 3857 E(prodlcaffds);
1209 3801 1347 3855 predicacio-

229 3867 273 3952 pp:
284 3859 329 3952 lid.
344 3859 381 3953 1c)
396 3867 438 3901 om.
453 3859 479 3902 Ε,
538 3859 556 3907 Ι)
570 3857 675 3909 deinceps
688 3857 718 3899 ad
731 3857 834 3900 ordlnem
848 3868 924 3898 eorum
938 3857 1049 3908 recipiant
1062 3859 1140 3896 stanam
1155 3858 1213 3907 aad„
1227 3858 1264 3897 red
1278 3858 1307 3898 ad
1320 3877 1347 3887 -

231 4070 257 4134 1)
277 4069 350 4121 Haec
362 4071 419 4134 fers
435 4069 473 4122 nd
489 4070 595 4123 meam
613 4073 746 4140 anamma
764 4077 826 4124 aunt
844 4087 877 4124 aa
895 4071 982 4126 eona.
997 4073 1039 4136 19,
1057 4087 1124 4138 quae
1141 4071 1171 4123 ἐκ
1184 4070 1261 4138 Oorp.
1275 4071 1346 4120 iuris

228 4142 349 4192 comici
363 4157 417 4193 aon
434 4147 528 4196 aaut.
599 4143 628 4212 2)
648 4143 683 4195 Ia
701 4144 789 4196 eodan
808 4143 894 4196 Cenat.
909 4145 950 4198 19.
1030 4143 1057 4210 3)
1076 4142 1163 4196 Gom.
1176 4143 1212 4196 24
1226 4165 1257 4184 =
1271 4140 1382 4192 smero

230 4209 330 4266 Deerat.
351 4213 368 4266 l.
382 4211 437 4277 III,
456 4215 495 4266 tit.
508 4214 552 4278 20,
571 4228 591 4267 o.
604 4217 630 4278 2,
649 4229 716 4281 quae
734 4215 770 4266 od
786 4215 891 4267 verbum
904 4215 960 4278 fem
977 4215 1111 4280 commta
1122 4219 1167 4267 at.
1221 4211 1249 4279 4)
1261 4211 1345 4263 Vada

230 4283 269 4349 (et
281 4311 314 4320 —
327 4282 421 4351 latam)
439 4299 561 4350 perverse
578 4285 680 4351 mito,
700 4301 767 4352 quac
784 4285 818 4336 ab
835 4286 894 4352 ipso
907 4301 984 4351 papo
1001 4287 1027 4352 (a
1045 4282 1135 4351 nobis)
1151 4283 1221 4336 scca
1238 4283 1346 4334 adaun-

228 4359 283 4420 tur,
309 4355 404 4406 &arnt
427 4356 457 4406 in
481 4357 662 4408 constituitote
687 4356 804 4411 budam.
894 4357 921 4423 5)
941 4356 1028 4410 cmm,
1046 4358 1081 4410 23
1102 4379 1134 4398 =
1153 4355 1229 4408 sexti
1245 4353 1346 4408 Deera.

230 4425 438 4493 z.111,ar.17;
464 4442 497 4478 ex
515 4442 569 4494 quo
587 4429 643 4478 iam
660 4443 745 4495 supra
761 4445 789 4496 p.
802 4430 863 4494 267,
884 4427 901 4481 l.
915 4429 958 4481 28.
977 4427 1107 4494 quaedam
1128 4429 1250 4492 excerpto
1275 4431 1346 4481 sunt.
