3188 4990
315 485 481 542 cuculos
494 484 521 542 S.
530 485 646 542 PETRI
659 485 922 544 autonomiam
934 487 1025 546 MOD.
1043 487 1078 546 A.
1089 493 1168 548 lace.
1256 493 1307 548 321

80 687 273 741 ⁸pascuum
297 673 333 735 et
356 669 442 735 alios
465 669 593 736 multos
616 669 750 736 nobiles
773 671 913 737 Austris
941 675 977 738 et
999 671 1168 752 Almanie,
1193 672 1307 738 ⁸comi·
1318 681 1396 736 1299.
1511 705 1513 710 ·

186 762 239 824 tes
278 763 314 824 et
346 759 502 825 barones.
550 759 712 844 Elegerat
748 763 865 824 autem
899 761 973 844 ipse
1006 781 1067 826 rex
1100 762 1308 846 quingentos

187 847 319 914 milites
352 848 464 913 forma
499 852 536 912 et
569 848 722 914 moribus
757 849 922 934 egregios,
958 869 1043 932 quos
1077 851 1308 916 uniformibus

187 937 331 1020 paribus
353 937 501 1002 vestium
533 937 719 1016 exornavit,
745 939 896 1022 exceptis
927 939 991 1012 his,
1015 959 1100 1022 quos
1130 938 1184 1004 illi
1214 940 1307 1004 nobi·

154 1025 245 1102 cles,
279 1026 339 1109 qui
372 1045 488 1091 secum
523 1030 632 1103 erant,
663 1027 700 1090 in
729 1027 895 1092 honorem
924 1027 1018 1111 regie
1048 1028 1307 1112 magnificencie

186 1114 379 1180 vestierant
401 1115 439 1178 in
462 1135 524 1180 suo
546 1115 695 1198 quilibet
717 1116 895 1180 comitatu.
936 1114 1023 1182 Oum
1046 1120 1163 1182 autem
1187 1116 1306 1182 Thole

186 1207 261 1267 tum
288 1204 496 1288 attigissent,
520 1223 580 1270 rex
603 1203 943 1270 Francieibi1cum
965 1205 1099 1289 virgine
1122 1209 1307 1290 expectans
1315 1228 1343 1276 (ι.
1352 1228 1456 1280 varo).

186 1293 235 1357 eis
259 1312 440 1358 occurrere
462 1293 652 1358 festinavit.
700 1293 784 1358 Erat
813 1296 930 1359 autem
960 1294 1070 1360 multe
1093 1294 1210 1379 pluvie
1233 1295 1306 1360 dies
1316 1317 1377 1366 (ne.
1386 1317 1416 1367 s).
1507 1357 1510 1362 .

185 1381 281 1446 ille⁸.
322 1381 396 1446 Rex
419 1402 500 1466 ergo
523 1382 755 1446 Romanorum
779 1383 958 1448 mandavit
980 1383 1138 1449 omnibus
1162 1384 1241 1460 suis,
1266 1387 1307 1448 ut

150 1485 177 1524 10
185 1469 388 1535 melioribus
411 1463 534 1553 proutb
563 1471 740 1538 habebant
762 1471 916 1538 vestibus
938 1473 1157 1537 vestirentur.
1205 1471 1305 1551 Quod
1580 1471 1581 1554 1

186 1559 215 1623 si
243 1559 323 1642 quis
352 1559 554 1644 negligeret,
586 1560 651 1625 hac
682 1561 859 1625 sentencia
889 1561 1106 1637 multaretur,
1134 1562 1226 1644 quod
1256 1561 1306 1626 nil
1580 1579 1581 1650 l

185 1647 308 1732 pabuli
339 1649 381 1712 de
412 1649 527 1732 regia⁰
557 1648 652 1714 curia
681 1649 852 1734 reciperet
880 1649 943 1714 illa
969 1650 1035 1716 die.
1082 1650 1306 1716 Intraverunt
1580 1651 1581 1728 1

185 1736 295 1820 igitur
317 1736 428 1821 ipsam
451 1738 627 1801 civitatem
658 1758 736 1802 cum
767 1733 912 1822 mugna‘l
939 1739 1049 1822 gloria
1080 1741 1115 1803 et
1139 1740 1307 1803 comitatu
1580 1753 1581 1762 ’

186 1825 277 1890 circa
300 1825 431 1890 festum
455 1827 566 1890 sancti
589 1827 737 1905 Andree,
761 1828 905 1911 nupcias
928 1827 1000 1892 filio
1031 1847 1102 1904 suo,
1127 1827 1183 1892 cui
1207 1847 1411 1912 copunosso.

151 1913 320 1978 rslaverat
344 1935 493 1979 sororem
516 1915 606 1998 regis
631 1915 784 1993 Rrancie,
809 1915 1029 1980 festivissime
1053 1915 1303 1994 celebrantes²;
1580 1927 1581 1996 1

187 2003 246 2068 sed
263 2003 348 2067 heul
373 2008 513 2067 extremo
533 2001 648 2085 gaudii
671 2003 772 2068 lucius
794 2009 932 2086 compat.
971 2003 1062 2068 Nam
1084 2024 1144 2069 rex
1161 2005 1461 2079 ltancienoonnra

185 2112 303 2176 regem
326 2091 558 2157 Romanorum
590 2093 758 2168 hortatur,
783 2096 825 2157 ut
854 2093 1020 2158 electores
1047 2093 1145 2176 regni
1167 2093 1305 2159 induce·

186 2185 249 2258 ret,
281 2185 451 2264 quatenus
480 2182 590 2246 filium
620 2201 720 2245 suum
749 2181 787 2245 in
816 2201 933 2265 regem
963 2182 1141 2266 eligerent,
1167 2185 1203 2247 et
1231 2182 1304 2266 ipse
1580 2191 1581 2248 ἶ

184 2269 331 2334 Romam
354 2274 513 2354 pergeret
535 2291 596 2354 pro
612 2270 783 2355 imperiali
797 2269 1039 2336 benedictione
1055 2269 1098 2335 ab
1115 2270 1304 2354 apostolico

150 2360 389 2442 roexpetenda.
436 2359 504 2424 Sed
534 2359 767 2443 Mogontinus,
799 2359 858 2442 qui
887 2361 972 2424 tunc
1002 2360 1132 2436 ederet,
1161 2360 1227 2424 hoc
1256 2380 1304 2426 re
1580 2437 1581 2442 γ

187 2447 359 2523 clamavit,
385 2449 502 2513 dicens
531 2467 567 2513 se
591 2469 777 2531 numquam
805 2467 1031 2526 assensurum,
1055 2451 1097 2512 ut
1119 2448 1217 2533 regni
1240 2448 1303 2513 Ro·

186 2537 279 2600 mani
309 2537 543 2620 gubernacula
573 2537 610 2600 in
637 2537 783 2602 alicuius
806 2537 953 2602 viventis
976 2537 1119 2604 heredes
1141 2538 1303 2602 transfer·

186 2629 315 2690 rentur.
361 2625 434 2690 Rex
460 2625 710 2691 ‘Romanorum
733 2626 788 2690 his
811 2629 1002 2692 commotus
1025 2625 1184 2692 omnibus
1207 2627 1404 2692 nobi-*moe

186 2713 286 2792 libus,
317 2715 376 2797 qui
406 2735 522 2780 secum
551 2717 727 2792 venerant,
757 2715 905 2780 redemit
934 2735 996 2778 sua
1027 2716 1191 2799 pignora⁰
1219 2715 1302 2780 obli·

150 2806 276 2887 rsgata,
295 2803 401 2868 solius
417 2797 590 2887 episcopis
605 2803 827 2888 pigneribus⁸
845 2824 915 2868 non
930 2804 1128 2888 redemptis.
1162 2803 1301 2888 Mogon-

186 2891 280 2956 tinus
296 2895 423 2969 autem,
448 2892 602 2975 quamvis
626 2913 704 2957 oum
720 2893 865 2977 penurie
879 2913 1029 2970 suorum,
1053 2893 1200 2957 redemit
1215 2885 1298 2958 sua¹¹

186 2981 349 3065 pignorae
378 2981 543 3065 obligata.
588 2981 682 3065 Rege
713 2985 830 3046 autem
861 3002 936 3046 cum
969 2982 1039 3046 suis
1069 2981 1227 3047 omnibus
1257 2982 1302 3045 ad

185 3070 323 3154 propris
345 3089 491 3148 reverso,
516 3070 793 3154 archiepiscopus
816 3070 860 3135 ob
875 3071 952 3148 hoo,
977 3069 1069 3152 quod
1085 3071 1118 3135 ei
1140 3091 1200 3135 rex
1215 3071 1302 3134 fece
1311 3091 1373 3138 (nx.
1382 3095 1428 3142 a.)

184 3161 249 3237 rat,
274 3161 464 3224 commotus
488 3158 761 3244 archiepiscopos
778 3157 1041 3224 Coloniensem³
1063 3162 1100 3223 et
1122 3158 1302 3224 Treveren·

149 3247 279 3312 rosem⁴
302 3268 380 3312 cum
402 3247 556 3312 Rudolio
581 3247 667 3313 duce
692 3247 836 3312 Bavsrie
860 3251 981 3312 contra
1004 3267 1120 3330 regern
1135 3247 1391 3312 Romano-1300.

186 3357 261 3400 rum
284 3357 400 3401 secum
422 3336 562 3400 induxit
585 3337 762 3401 coniurare
773 3335 794 3398 ⁶.
840 3329 930 3400 Rex¹
961 3336 1016 3400 his
1046 3335 1174 3400 auditis
1197 3356 1302 3398 manu

185 3424 301 3490 valida
317 3425 507 3490 Bavsriam
529 3425 683 3502 intravit,
707 3425 823 3490 omnia
845 3425 975 3509 rapinis
998 3428 1034 3490 et
1055 3424 1224 3489 incendiis
1248 3424 1301 3489 de·
1314 3431 1391 3484 1301.

185 3516 334 3592 vastans,
366 3514 579 3578 municiones
610 3515 757 3598 capiens,
789 3515 901 3598 ipsum
926 3513 970 3578 ad
993 3513 1155 3577 ultimum
1179 3513 1302 3578 ducem

185 3601 221 3665 in
245 3603 458 3668 dedicionem
484 3603 607 3688 coegit.
643 3601 709 3666 Oui
731 3606 851 3688 postea
873 3602 1024 3686 graciam
1048 3621 1144 3666 suam
1168 3602 1302 3686 petenti

150 3685 268 3756 rosusk
294 3691 410 3757 omnia
432 3691 623 3757 redonavit.
658 3689 751 3756 Hinc
775 3711 810 3756 se
834 3694 1035 3756 convertens
1059 3691 1103 3755 ad
1126 3691 1303 3774 superiora

184 3780 274 3845 Reni
311 3780 462 3846 fluminis
496 3780 664 3865 processit
698 3783 734 3846 et
768 3779 879 3864 Binge
915 3779 1089 3844 civitatem
1125 3773 1298 3864 episeopis
1311 3801 1432 3852 (sarrs).

185 3970 260 4018 ι)111ι
272 3971 299 4014 R.
366 3969 390 4022 b)
403 3981 458 4020 quos
471 3972 519 4018 121.
581 3969 601 4024 c)
615 3969 676 4021 rogis
689 3970 717 4013 11.
774 3968 798 4018 d)
810 3969 839 4019 gl.
854 3981 883 4012 m.
897 3969 923 4012 B.
983 3968 1005 4021 ο)
1018 3969 1112 4021 pignera
1126 3971 1190 4010 sulm
1208 3969 1230 4014 1.
1243 3971 1258 4014 1,
1275 3971 1305 4014 Β.

160 4023 544 4132 οἷιι)αξη1111.)ν;;ϊιι·]οῐ1,ι1ορ111111111,
606 4026 629 4074 g)
642 4025 674 4063 ric
687 4023 709 4064 t.
724 4023 738 4067 1.
753 4024 773 4064 1.
787 4023 814 4067 Β.
868 4021 891 4075 li)
903 4023 935 4062 stc
948 4023 981 4072 B,·
1001 4033 1042 4063 ruo
1056 4025 1075 4066 1.
1128 4023 1144 4074 i)
1158 4023 1207 4064 Etis
1222 4033 1262 4065 vex
1275 4024 1303 4068 Β.

149 4269 177 4308 ro
187 4256 212 4322 1)
230 4255 377 4324 Philippum
393 4255 445 4310 IV.
468 4255 665 4310 Vale-colore
689 4255 752 4320 fuit,
777 4269 831 4306 nors
852 4253 937 4309 Tulli.
1009 4256 1037 4323 2)
1055 4255 1174 4322 Nuptiae
1198 4255 1302 4308 demum

186 4341 211 4379 a.
231 4329 308 4382 1300.
334 4327 422 4391 factae
448 4332 524 4390 mat,
552 4327 719 4394 dumwallo
746 4343 772 4380 α.
793 4327 870 4380 1299.
896 4325 957 4380 Der.
980 4326 1006 4381 8.
1034 4328 1184 4381 senodale.
1221 4325 1302 4378 Circa

187 4395 250 4456 Nor,
269 4400 312 4454 30.
340 4413 391 4448 rac
419 4397 527 4449 Tullum
555 4398 669 4451 drmit.
770 4397 797 4464 3)
820 4395 990 4451 Wictoldum.
1086 4399 1115 4465 4)
1139 4397 1301 4450 Dictorum.

187 4469 213 4534 ὁ)
231 4467 348 4521 Causam
365 4483 454 4522 ueram
472 4468 555 4520 huius
572 4468 765 4521 coniurationis
783 4473 877 4520 amor
894 4469 1036 4535 {maort

1053 4575 1088 4630 21
