3130 4990
270 439 306 491 76
353 434 533 490 ANNALES
551 432 744 489 ERPHORD.
761 433 953 490 FRATRUM
969 433 1309 494 PRAEDIOATORUM.

378 618 524 682 Annales
555 617 811 699 Erphordenses,
850 639 927 699 qnos
964 618 1127 700 memus,
1166 617 1203 681 in
1237 623 1389 684 conuentu

272 706 534 771 Praedicatorum
549 705 746 786 Erfordenst'
760 705 952 788 conscriptos
966 707 1161 787 essepatet1.
1189 706 1289 771 Multi
1303 707 1390 772 enim

271 801 441 861 occurrunt
464 794 533 876 loei,
564 795 677 876 quibus
700 797 737 859 de
760 795 872 860 ordine
895 795 1159 860 Praedicatornm
1169 797 1189 875 ²,
1221 797 1259 860 de
1281 815 1389 860 eorum

270 885 364 949 rebus
385 883 423 948 in
442 883 628 966 Thurinpia
651 890 680 948 et
701 883 881 963 Erfordiae
908 883 1005 966 pestis
1031 884 1166 948 relatnm
1195 884 1272 949 est⁸.
1317 884 1388 948 Hos

270 973 339 1052 fere
368 993 473 1037 ornnes
501 972 538 1037 in
567 971 704 1038 Grouiea
728 973 761 1038 S.
779 972 870 1038 Petri
891 973 1044 1038 moderna
1072 973 1203 1038 omissos
1225 994 1290 1038 esse
1313 975 1411 1042 lenes

270 1062 316 1126 K.
336 1061 456 1128 Wenoto
485 1061 616 1142 monuit,
641 1067 769 1126 econtra
791 1061 891 1126 multa
920 1061 958 1126 in
980 1061 1166 1127 Annalibus
1192 1067 1222 1126 et
1249 1060 1287 1126 in
1314 1059 1388 1126 Ora

270 1149 345 1216 nica
374 1151 412 1215 de
441 1149 571 1216 ecelesia
597 1151 631 1215 S.
656 1149 791 1215 Mariae
813 1150 1010 1230 Erfordensi
1039 1157 1178 1216 narrata
1207 1171 1280 1232 esse,
1312 1171 1388 1215 non·

270 1239 374 1304 osullos
405 1240 500 1319 locos,
536 1237 650 1321 quibus
678 1240 717 1303 de
745 1240 838 1304 rebus
867 1239 963 1304 liuius
991 1239 1139 1305 aermnae
1168 1240 1303 1305 relatum
1332 1245 1386 1318 est,

268 1327 428 1393 salumin
451 1327 645 1408 Annalibus,
669 1327 751 1392 alios
773 1328 874 1392 solum
903 1328 941 1392 in
969 1327 1108 1394 Orouion
1128 1327 1279 1408 inueniri,
1303 1329 1389 1392 unde

269 1419 310 1482 ob
329 1416 493 1498 utriusque
516 1415 620 1498 operis
642 1415 848 1497 scriptoribus
862 1417 1010 1482 Annales
1033 1440 1054 1482 a
1077 1416 1230 1482 eononioo
1252 1418 1388 1498 duodena
1399 1446 1423 1485 ιο

271 1506 305 1571 S.
330 1505 466 1570 Mariae
499 1505 681 1587 omnpositos
715 1505 894 1588 exscriptos,
926 1505 1073 1572 Annales
1095 1506 1337 1587 triptolemus
1366 1526 1388 1569 a

269 1595 373 1673 fratre
395 1594 530 1675 quodam
553 1593 679 1658 ordinis
701 1593 965 1660 Praedicatorum
994 1601 1102 1660 anctos
1131 1615 1197 1660 esse
1225 1593 1386 1660 conclusit.

269 1683 325 1746 En·
347 1682 462 1746 eisdem
477 1681 662 1748 Annalibus
678 1683 712 1748 S.
724 1683 859 1748 Mariae
873 1681 969 1748 etiam
992 1682 1210 1749 additamenta
1230 1683 1388 1765 quaedam

269 1771 386 1836 codicis
408 1770 473 1834 Β2
506 1770 662 1837 (ironicae
692 1771 840 1836 Minoris
871 1771 947 1836 inde
981 1774 1021 1837 ob
1045 1777 1189 1854 α.1219,
1213 1792 1294 1854 quae
1317 1792 1388 1837 oum

270 1859 346 1925 loeis
381 1859 535 1925 Oronieae
559 1861 592 1925 S.
612 1859 703 1924 Petri
732 1859 898 1926 convenire
926 1881 1120 1942 monueram,
1145 1861 1292 1942 prosecta
1322 1881 1387 1926 esse
1397 1888 1422 1928 1s

269 1948 398 2014 tensuit.
458 1951 521 2014 Sed
557 1949 635 2014 haee
672 1947 779 2030 opinio
817 1950 1042 2031 quodammodo
1075 1949 1230 2014 mutanda
1261 1949 1388 2014 uidetur

269 2058 344 2103 esse.
380 2039 507 2102 Horum
530 2037 614 2102 enim
637 2037 925 2103 additamentorum
942 2037 1143 2120 paucissima
1163 2059 1232 2102 orem
1247 2037 1386 2103 Annali·

269 2128 326 2192 tus
347 2127 629 2208 Erpttordensibns
651 2147 750 2208 neque
772 2127 849 2192 laea
870 2126 919 2192 ita
942 2125 1139 2208 conueniunt,
1163 2133 1199 2191 ut
1220 2147 1259 2192 ea
1281 2129 1386 2192 eodem

268 2215 356 2295 fonte
378 2238 416 2281 ea
439 2217 554 2282 lausto
578 2237 643 2280 esse
666 2214 787 2280 censeri
810 2216 979 2297 mortens
1026 2215 1165 2298 Reliqua
1187 2214 1225 2280 in
1247 2215 1386 2280 Annali-

269 2306 326 2369 bus
347 2304 628 2385 Erphordensilns
657 2310 714 2368 ont
742 2325 807 2368 non
835 2304 1066 2369 inveniuntnr⁵
1088 2311 1145 2370 ant
1166 2304 1261 2369 aliter
1282 2305 1422 2370 relatam

270 2497 297 2563 1)
318 2496 392 2560 Quod
409 2495 432 2550 I.
449 2496 480 2550 F.
498 2496 636 2558 Boehmer,
655 2497 751 2548 Fontes
767 2495 808 2561 ΙΙ,
828 2513 858 2564 p.
872 2505 982 2545 xxm.
1000 2499 1145 2564 perspexit.
1210 2497 1238 2558 21
1258 2498 1291 2550 Α.
1307 2498 1386 2551 1237.

268 2567 425 2632 Iordanum,
452 2583 477 2620 a.
498 2570 574 2622 1240.
604 2567 782 2618 Reimundnm
804 2569 948 2634 nrayistros
973 2568 1078 2620 ordinis
1096 2569 1316 2620 &manuum
1342 2569 1386 2619 de·

268 2639 375 2703 furatos
392 2654 452 2702 esse,
475 2639 537 2690 linio
555 2637 700 2690 Iohannem
725 2639 882 2704 snnessisse
900 2641 1018 2693 a.1244.
1037 2639 1083 2691 tiae
1096 2641 1265 2706 praesidente
1282 2641 1388 2706 eapitu-

269 2710 323 2760 tum
340 2710 505 2776 provinciale
522 2709 740 2762 Praedicator-um
765 2711 795 2760 in
819 2709 884 2762 urbe
902 2709 1127 2762 Hilieslieimensi
1148 2710 1304 2763 multatum
1323 2725 1385 2775 esse,

268 2797 293 2834 a.
309 2781 385 2836 1248.
405 2781 513 2831 eundem
531 2783 647 2832 eamdem
665 2781 751 2844 fnisse
769 2780 907 2833 Lndoioiei
919 2780 969 2832 IX.
989 2783 1060 2846 rapis
1078 2782 1213 2834 Frouoiaa
1231 2783 1260 2833 in
1278 2782 1388 2849 anpodi-

268 2853 338 2902 tione
361 2867 449 2916 saera,
475 2852 545 2904 hune
568 2867 654 2917 repom
678 2851 796 2918 capitula
821 2852 942 2916 fratrum
961 2851 1181 2905 Prouiieatornm
1205 2859 1229 2904 et
1246 2853 1422 2904 Minorumsa

268 2923 374 2986 adiisse,
394 2929 536 2989 autequam
549 2923 780 2989 proflammatum·
805 2939 829 2976 a.
845 2927 921 2978 1250.
940 2923 1054 2974 Erionm
1071 2940 1157 2990 repom
1174 2925 1264 2988 fratri
1280 2923 1387 2976 ordinis

268 2993 489 3045 Praedicatorum
500 2995 648 3058 confessum
660 3010 721 3060 esse,
740 3000 882 3060 autequam
893 3002 1041 3059 necaretur,
1060 2995 1131 3046 lune
1142 3011 1226 3061 reqem
1240 2997 1270 3045 in
1282 2995 1386 3046 nausia

269 3065 487 3116 Praedioutornm
512 3067 644 3133 sepultum
668 3082 737 3126 esse,·
763 3081 787 3118 a.
802 3068 880 3120 1252.
899 3066 1044 3117 Iolamnm
1062 3067 1223 3132 magristrum
1241 3065 1387 3117 Praedica-

268 3143 357 3187 tornm
383 3137 476 3188 obiisse
499 3137 615 3188 relatum
633 3143 678 3190 ast.
714 3138 795 3188 Notes
813 3138 900 3200 etiam,
920 3137 990 3202 qnod
1007 3137 1106 3188 dietum
1124 3143 1168 3201 est,
1188 3152 1214 3190 a.
1229 3139 1307 3191 1245.
1327 3153 1387 3188 sni-

268 3209 378 3260 tentiam
396 3209 567 3274 imperatoris
584 3208 697 3275 depositi
712 3207 850 3271 fratribus
868 3208 1102 3259 Praedicatoribas
1126 3213 1149 3260 et
1167 3207 1321 3260 Minoribus
1342 3209 1422 3260 ‹li-so

267 3279 449 3330 attentandam
473 3280 636 3332 commissam
659 3295 724 3342 esse,
754 3295 779 3332 a.
800 3280 876 3334 1251.
904 3279 1041 3344 Hisponem
1069 3279 1242 3344 cardinalem,
1271 3278 1386 3343 lepatnm

264 3367 361 3418 papae,
386 3351 473 3414 fnisse
490 3350 606 3415 fratrem
631 3349 737 3402 ordinis
754 3349 983 3403 Proelioatmnm.
1054 3352 1082 3413 3)
1108 3351 1142 3401 Α.
1162 3351 1239 3405 1231.
1265 3351 1385 3404 a1248.

267 3422 414 3489 capitutum
429 3421 592 3490 provinciale
607 3421 826 3473 &aednatorum
843 3419 995 3484 Erfordiae
1011 3421 1169 3472 mlebranrm
1187 3437 1247 3486 esse,
1267 3435 1292 3474 a.
1307 3423 1385 3476 1232.

270 3493 441 3545 Gerhardnm
459 3495 575 3558 fratrem
598 3493 703 3545 ordinis
720 3492 941 3544 Praedicatorum
960 3491 1111 3556 Erfurdiae
1135 3493 1235 3557 obiisse,
1260 3508 1287 3546 a.
1307 3492 1385 3547 1239.

269 3563 405 3615 Sibaldnm
431 3567 585 3616 eanmienm
611 3565 638 3617 S.
658 3563 766 3616 Mariae
790 3563 968 3626 Eusordensis
994 3579 1021 3615 se
1046 3563 1139 3616 ordini
1165 3563 1421 3616 naunotonensi

268 3635 420 3699 tradidisse,
446 3653 471 3688 a.
493 3638 570 3691 1238.
592 3635 724 3688 mensium
750 3634 969 3686 Praedicatmum
996 3635 1144 3687 deiuatam
1170 3649 1231 3699 esse,
1260 3649 1286 3688 a.
1307 3636 1384 3690 1248.

268 3705 365 3768 sestrrm
383 3707 557 3758 dedicationis
573 3707 656 3758 nutus
673 3705 791 3758 aunam
808 3708 1010 3772 transpositum,
1029 3705 1115 3758 eodem
1132 3705 1174 3758 die
1198 3707 1287 3757 altare
1304 3705 1386 3772 quode

268 3775 331 3826 dam
349 3777 379 3826 in
397 3776 447 3827 liae
465 3778 568 3829 emissio
585 3777 734 3828 dedicatum
752 3793 818 3841 esse3
844 3779 962 3831 α.1253.
980 3779 1097 3842 oirpines
1121 3776 1157 3826 ad
1181 3777 1285 3841 fratres
1303 3777 1386 3828 Pras-

268 3847 399 3898 dicatores
415 3847 515 3898 velatos
527 3865 586 3902 esse.
615 3848 715 3900 Eodem
733 3863 805 3900 auno
816 3847 943 3898 miraculi
959 3848 1099 3899 cuiusdam
1111 3847 1180 3912 faeti
1196 3849 1269 3899 testis
1276 3853 1387 3914 praeter

269 3917 337 3968 alios
345 3918 413 3970 dnos
421 3917 499 3969 lector
508 3920 631 3982 fratrum
641 3920 860 3972 animatorum
869 3919 1056 3984 Friberpensis
1063 3919 1188 3984 affertur.
1240 3920 1269 3988 4)
1282 3917 1387 3970 Eadnn
1394 3929 1421 3968 to

268 3989 354 4040 inlata
376 3994 438 4040 sunt
462 3991 492 4040 in
517 3990 588 4043 Ann.
608 3989 747 4057 Erphord.
771 3997 795 4042 et
820 3991 1008 4041 additamentis
1032 3991 1086 4044 aod.
1113 3989 1179 4056 132,
1210 3989 1257 4043 SS.
1276 3987 1384 4055 XXIV,

265 4077 294 4127 p.
310 4061 360 4114 198
373 4076 428 4126 sp:
453 4059 489 4110 ad
509 4063 626 4116 o.1230.
652 4061 739 4113 obitus
757 4060 862 4125 Siti-idi
884 4061 1077 4128 archiepiscopi
1101 4061 1186 4126 omisi,
1213 4060 1249 4110 ad
1266 4077 1291 4114 a.
1307 4063 1384 4116 1235.

268 4130 413 4182 Heinrious
431 4145 477 4182 rea
491 4139 593 4198 eaptus,
611 4131 648 4183 ad
665 4147 690 4186 a.
702 4135 778 4188 1238.
797 4148 850 4183 nen
863 4131 966 4184 Albuti
978 4133 1130 4199 praepositi
1141 4131 1386 4196 Maedoburpmsis,

268 4201 313 4253 sed
330 4217 363 4252 ne
374 4202 417 4254 itis
435 4202 538 4269 quidem
557 4201 619 4254 nois
636 4203 715 4254 verta
732 4205 873 4269 utriusqus
891 4203 957 4254 libri
973 4205 1145 4265 consentiunt,
1163 4203 1221 4254 licei
1238 4203 1326 4255 eodem
1344 4203 1387 4254 die

268 4270 405 4324 Aderam
423 4275 533 4326 occisum
552 4289 605 4326 esse
622 4275 652 4324 in
670 4281 781 4341 utroque
798 4274 913 4326 relatum
931 4277 975 4326 sii.
1057 4275 1084 4341 5>
1105 4273 1198 4326 Mauro
1216 4275 1325 4325 minione
1344 4275 1422 4325 iri-io

268 4345 356 4395 veniri
379 4345 409 4395 iu
434 4346 507 4398 Anu.
533 4343 673 4414 Erphord.
698 4361 766 4412 quas
794 4347 824 4396 in
843 4346 922 4399 Cron.
946 4346 973 4398 S.
993 4345 1069 4397 Petri
1091 4351 1115 4396 et
1140 4347 1169 4396 iu
1194 4345 1388 4396 additamentis

268 4415 322 4468 cod.
342 4414 400 4471 Β2
425 4415 550 4482 lepnntur
575 4433 601 4471 a.
622 4418 699 4471 1222.
724 4417 755 4469 do
780 4416 908 4468 Heinrieo
933 4416 1089 4469 Minnitcino
1114 4421 1236 4480 mmmm,
1261 4432 1287 4471 a,
1309 4417 1386 4471 1224.
