3162 5022
263 442 315 496 ias
403 437 571 492 cleonice
584 436 612 493 S.
623 435 738 492 PETRI
750 435 1011 494 namucensis
1024 436 1114 494 Mon.
1134 437 1259 494 Α.1166.

147 601 253 722 (1323
261 622 370 687 lerooi
385 623 517 706 impetu
533 621 723 686 Romanam
739 641 873 705 quoque
890 623 1041 706 aggressi
1057 619 1242 698 civitatem,
1256 621 1379 686 ianuas

262 711 483 776 ecclesiarum
499 713 618 774 sancte
634 709 701 774 Dei
715 711 892 794 genitricis
908 711 1016 776 Maria
1040 711 1085 775 ad
1101 709 1237 775 Gradus
1255 711 1379 775 sancti·

262 820 328 883 que
362 799 457 864 Petri
495 799 728 884 apostolorum
766 800 930 883 principis
964 799 1141 865 securibus
1176 799 1379 864 exciderunt

262 890 418 973 ipsasque
434 887 595 953 ecclesias
618 889 719 972 igne⁸
738 889 1007 966 succenderunt;
1031 889 1213 965 Romanos,
1237 889 1297 971 qui
1315 909 1378 972 pro

262 977 414 1042 locorum
444 977 596 1042 tuicione
625 971 701 1042 velb
730 977 924 1042 municione
952 978 1048 1042 intus
1071 978 1283 1062 refugerant,
1308 977 1412 1060 glo-s
1565 1047 1567 1062 Ι

261 1067 346 1131 diis⁰
379 1073 607 1151 peremerunt,
639 1065 764 1130 altaria
793 1066 967 1149 sangnine
994 1087 1141 1150 aspersa,
1170 1066 1280 1131 nichil
1310 1067 1378 1150 pie
1565 1063 1567 1102 ⁴

259 1156 335 1233 ae,
360 1155 478 1232 niem,
498 1155 605 1240 proce
621 1155 734 1219 ooiori
758 1155 920 1239 religioni
934 1156 1100 1220 celatum.
1130 1155 1196 1220 nis
1212 1156 1379 1220 suinai
1566 1131 1568 1174 ¹

259 1245 407 1329 patratis
423 1265 513 1329 papa
528 1243 704 1308 Paschalis
721 1243 855 1322 altaria,
880 1245 978 1327 quasi
994 1245 1057 1309 sub
1073 1244 1271 1309 Alexandro
1287 1265 1378 1329 papa

260 1332 404 1417 polluta,
435 1334 612 1398 destruere
642 1336 678 1398 et
708 1337 864 1398 actutum
894 1329 1005 1398 novatl
1030 1333 1239 1410 reedificare,
1264 1353 1378 1398 conse

260 1423 434 1487 oraciones
457 1423 693 1507 episcoporum
717 1425 754 1486 et
776 1422 941 1486 abbatum
970 1423 1095 1500 facere,
1119 1423 1240 1506 fasque
1266 1421 1415 1486 nefas-ic

260 1531 326 1594 que
356 1532 417 1595 per
447 1512 563 1576 omnia
593 1511 815 1576 confundere.
862 1511 930 1576 Sed
953 1511 1048 1576 Deus
1079 1512 1122 1576 ab
1155 1511 1227 1576 alto
1251 1514 1377 1575 cuncta

260 1604 482 1684 prospectans
504 1600 666 1663 iniuriam
690 1602 814 1664 summi
835 1601 926 1685 regis
950 1600 1111 1684 genitrici
1134 1601 1274 1683 eiusque
1289 1599 1377 1664 vica·

260 1688 312 1753 rio
334 1689 437 1754 beato
460 1689 564 1754 Petro
586 1688 720 1752 illatam
744 1709 962 1772 nequaquam
984 1689 1070 1753 tulit
1091 1689 1267 1776 impuuei.
1314 1687 1377 1752 Ex-

260 1777 384 1861 timplo
399 1779 568 1861 siquidem
583 1778 713 1842 nebula
728 1778 876 1861 quedam
891 1777 1056 1862 pestilens
1080 1799 1119 1843 ac
1135 1777 1247 1842 fetida
1261 1780 1377 1842 totum

133 1891 249 1938 (suein.
260 1887 347 1951 pene
377 1866 564 1932 exercitum
594 1867 825 1944 attaminant,
849 1868 1027 1951 primoque
1058 1866 1297 1932 Coloniensem
1327 1887 1414 1930 arn

260 1956 512 2040 chiepiscopum
530 1949 811 2040 compluresqucs
826 1957 1072 2041 episcoporum,
1097 1956 1202 2021 duces
1225 1975 1265 2020 ao
1280 1975 1377 2038 quos·

259 2065 325 2128 que
349 2046 384 2108 in
401 2046 554 2110 exercitu
575 2048 796 2130 prepotentes
818 2046 975 2110 inficiens
998 2046 1072 2109 sine
1095 2065 1190 2109 mora
1213 2045 1375 2120 extinxit;

260 2135 447 2218 eademque
477 2134 657 2199 mortifera
686 2134 761 2199 lues
784 2153 899 2218 regem
924 2135 1022 2218 quasi
1044 2133 1272 2198 vitabundum
1297 2155 1376 2198 oum

258 2221 399 2306 reliquis
422 2225 640 2288 recedentem
664 2226 879 2307 prosecutass,
904 2243 995 2287 nuuc
1019 2224 1091 2300 hos,
1115 2243 1207 2286 nuno
1236 2222 1316 2287 illos
1340 2226 1376 2287 et

258 2311 337 2377 illos
361 2311 503 2376 diversis
525 2311 561 2374 in
586 2311 670 2376 locis
698 2313 783 2376 miro
807 2305 942 2376 divineh
969 2311 1116 2376 ulcionis
1144 2312 1283 2390 iudicio,
1308 2312 1412 2376 oui-io

259 2421 324 2482 que
347 2401 447 2484 nigro
470 2401 616 2484 quodam
648 2394 838 2466 caractere¹
868 2402 960 2466 inter
989 2399 1146 2485 scapulas
1176 2404 1375 2486 apparente,

259 2483 501 2553 exanimavitl.
533 2489 612 2552 Huc
628 2491 781 2564 accessit,
806 2490 898 2572 quod
914 2489 1198 2566 Mediolanenses,
1222 2490 1281 2573 qui
1297 2493 1376 2574 post

258 2597 319 2641 sue
343 2577 513 2642 excidium
537 2577 688 2642 civitatis
717 2582 866 2661 quatuor
894 2579 1023 2663 oppida
1052 2599 1113 2662 per
1135 2582 1283 2661 quatuor
1306 2578 1375 2663 pla·

258 2686 319 2750 gas
342 2666 513 2751 imperiali
536 2667 651 2732 edicto
673 2667 839 2739 fecerant,
864 2668 924 2732 sed
947 2670 1026 2752 post
1041 2667 1303 2750 quadriennium
1326 2668 1375 2732 in-

259 2755 345 2818 olita
374 2755 439 2819 sibi
467 2756 698 2820 recalescente
728 2757 888 2840 superbia
910 2756 965 2821 vel
995 2757 1214 2820 animositate
1244 2777 1265 2819 a
1294 2775 1412 2840 regen

259 2839 492 2920 defecerant¹,
523 2848 671 2928 quatuor
700 2845 822 2909 itidem
852 2845 1051 2910 civitatibus
1081 2846 1117 2908 in
1147 2849 1286 2908 unumm
1309 2845 1375 2910 col·

258 2933 357 2997 lectis
386 2937 485 2998 vetus
508 2933 745 2998 Mediolanum
773 2933 978 3010 refecerant,
1007 2935 1250 3018 imperatorem
1280 2935 1375 2997 anni·

258 3021 412 3086 tentibus
434 3021 576 3105 reliquis
600 3021 734 3086 Italicis
757 3043 819 3106 per
840 3023 982 3086 insidias
1005 3023 1162 3094 insecuti.
1188 3021 1374 3088 nonnullos

256 3111 424 3194 regalium
460 3111 650 3176 satellitum
685 3112 887 3175 occiderunt
915 3111 1100 3196 pluresque
1130 3111 1283 3196 captivos
1318 3112 1374 3176 ab·

258 3200 439 3278 duxerunt,
470 3201 603 3285 ipsum¹²
637 3201 876 3285 imperatorem
908 3203 1028 3264 contra
1056 3200 1151 3284 regie
1182 3200 1411 3265 maiestatisso

258 3289 422 3354 honorem
452 3309 492 3354 ac
522 3289 666 3373 pristine
689 3289 829 3353 virtutis
857 3289 993 3374 insigne
1017 3287 1124 3354 Italia
1152 3289 1293 3354 tandem
1321 3310 1374 3354 ex-

258 3378 379 3443 cedere
402 3378 575 3463 Alpesque
598 3379 839 3443 transcendere
863 3377 1114 3462 compulerunt.

165 3489 248 3536 nin.
365 3466 568 3532 ‘Heinrious
596 3467 754 3532 Baioarie
786 3467 856 3531 dux
886 3487 925 3532 ao
953 3467 1136 3542 Saxonum,
1166 3466 1374 3551 imperatore

257 3555 294 3618 in
309 3554 416 3620 Italia
434 3577 564 3621 moram
584 3556 745 3633 faciente,
770 3559 890 3620 contra
905 3555 1124 3620 Ludewioum
1141 3555 1374 3639 lantgravium

255 3644 474 3729 reliquosque
504 3645 677 3710 Saxonum
711 3645 882 3729 principes
917 3643 1144 3708 monocerotis
1177 3644 1214 3707 in
1244 3659 1410 3710 moremn

98 3731 350 3797 1166-68.solus
380 3755 458 3798 cum
486 3735 557 3798 suis
587 3754 647 3819 per
670 3732 849 3798 biennium
878 3733 951 3798 fere
982 3732 1226 3817 preliabatur¹‚
1251 3737 1286 3799 et
1309 3753 1373 3798 neo

256 3886 466 3936 mininam.
534 3887 634 3938 b)eiII.
707 3887 805 3938 Μαι.
822 3887 901 3936 LIII,
921 3885 1036 3938 glsdIoII.
1103 3889 1305 3939 moepnaaae,
1323 3891 1374 3938 port

256 3939 317 3982 racd
331 3941 405 3983 LIII.
452 3945 474 3990 o)
487 3943 518 3980 alc
532 3945 551 3984 1.
565 3943 597 3988 R,
611 3943 714 3991 Inpunlrs
728 3941 802 3984 LIII.
842 3943 861 3989 I)
874 3942 904 3980 rie
919 3943 950 3988 Ir,·
964 3941 1113 3991 captumque
1129 3943 1152 3992 13
1166 3942 1287 3992 pluresque
1301 3941 1373 3982 LIII.

256 3995 411 4044 &persecuta
425 3994 451 4036 II.
505 3993 744 4044 n>eic113oimnon
798 3995 1036 4045 damnaremus
1051 3996 1070 4038 1.
1131 3995 1373 4044 thum-sumtus·

256 4047 290 4087 ult
304 4049 322 4090 1.
376 4047 392 4098 1)
405 4049 437 4086 sic
450 4047 481 4096 II,·
496 4046 627 4089 defecerunt
640 4048 748 4092 LIIII.
800 4047 1037 4098 mlrloI.II.LIII.
1090 4047 1113 4099 n)
1127 4049 1244 4098 Ipsumque
1257 4049 1284 4090 u.
1381 4065 1409 4104 ω

253 4171 281 4222 p.
301 4156 366 4222 1923
391 4156 506 4222 quiaque
530 4155 606 4206 maia
625 4155 724 4210 Cicron.
742 4171 797 4222 reg.
816 4155 903 4210 Goion.
926 4155 942 4210 l.
962 4155 979 4210 l.
1004 4163 1027 4208 et
1046 4157 1118 4210 Anii.
1137 4155 1203 4220 Pa,
1227 4155 1275 4207 SS.
1289 4153 1372 4218 XIX,
1422 4171 1427 4182 ·

251 4226 352 4292 p.'256,
372 4226 492 4281 tradunt.
517 4225 652 4280 Minorem
663 4243 805 4280 numm
823 4227 919 4279 dotent
930 4227 1003 4282 Anu.
1016 4227 1086 4293 Ian,
1105 4227 1154 4292 SS,
1163 4224 1274 4291 XVIII,
1287 4241 1316 4292 p.
1327 4229 1371 4290 74,

254 4301 278 4348 ci
296 4296 368 4351 Anu.
389 4297 489 4362 Oasin,
508 4297 555 4351 SS.
569 4297 649 4363 XIX,
666 4314 695 4365 p.
708 4301 770 4352 312.
861 4299 888 4366 1)
913 4298 948 4349 In
973 4301 1126 4350 uni'oersum
1144 4297 1192 4349 lice
1210 4297 1263 4348 loro
1280 4297 1374 4364 depie-

253 4373 357 4433 9untur
374 4385 442 4436 quoe
459 4370 778 4434 a.1166—1168.,anta
802 4375 865 4420 cuni
887 4371 976 4421 animo
994 4371 1146 4421 annalistae
1164 4369 1293 4420 Heinia'cc
1311 4369 1376 4422 duci

254 4441 390 4492 contrario
408 4448 432 4492 et
450 4440 600 4508 lantgravio
612 4441 741 4508 propitio.
1382 4455 1409 4496 so
