3182 4996
292 477 346 532 384
382 473 573 528 ORONIGAE
586 473 613 530 S.
624 472 740 529 PETRI
752 472 912 530 llRFORD.
932 472 1038 530 GONT.
1051 472 1107 531 111.
1127 474 1161 531 A.
1173 479 1340 534 13541355.

205 663 282 718 1³54.
293 677 409 722 corum
432 657 470 720 in
486 657 611 740 Hauge
635 662 882 736 cremaverunt,
907 679 942 723 se
966 678 1101 742 quoque
1124 659 1271 723 viriliter
1294 659 1410 724 defen·

175 747 429 820 (ruasderunt.
467 745 619 811 Tandem
642 767 728 830 pace
751 747 847 811 facta
865 767 943 811 cum
965 747 1103 811 infinita
1125 749 1281 832 pecunia,
1306 769 1410 830 quam

292 836 382 900 cives
413 836 573 918 episcopo
602 857 664 919 pro
694 837 915 920 reparaoione
945 836 1118 900 curiarum
1152 837 1410 901 combustarum

292 925 517 1000 donaverunt,
541 924 653 1006 quivis
676 925 720 988 ad
743 925 883 1008 propria
906 927 958 989 est
980 945 1145 990 reversus.

399 1013 527 1077 Eodem
558 1033 648 1076 anno
679 1013 837 1077 dominus
868 1013 1053 1078 Heinricus
1083 1013 1189 1078 Slune
1220 1015 1263 1079 de
1290 1014 1434 1080 uldin-⁶

290 1104 433 1184 guttern
456 1123 535 1166 cum
559 1120 655 1166 servo
679 1121 740 1165 suo
770 1103 807 1166 iu
831 1105 944 1167 castro
975 1103 1068 1166 dicto
1098 1107 1160 1166 zu⁸
1188 1104 1265 1168 dem
1289 1103 1409 1168 Aldin-

197 1194 409 1274 mandem
432 1211 502 1254 uno
525 1190 599 1254 ictu
621 1191 769 1254 tonitrui
792 1195 844 1255 est
867 1192 1095 1275 interemptus
1118 1193 1209 1256 circa
1232 1193 1322 1257 diem
1336 1192 1408 1255 VII

290 1279 447 1355 fratrum,
478 1283 519 1341 ut
549 1279 685 1344 dicitur.
795 1279 924 1344 Eodem
955 1301 1046 1344 anno
1077 1283 1167 1346 cives
1191 1281 1407 1366 Euphorden·

290 1388 353 1445 ses,
377 1367 624 1445 Molhusenses‚
649 1367 904 1433 Northusenses
934 1389 976 1434 ex
1001 1373 1126 1453 rogatu
1149 1371 1280 1434 domini
1303 1370 1408 1435 Hein-

289 1457 352 1521 rIci
369 1457 411 1520 de
427 1456 618 1542 Honsteym
643 1458 802 1521 advocati
818 1457 940 1522 Karoli
962 1457 1052 1540 regis
1068 1458 1310 1535 Romanorum,
1335 1480 1408 1543 per·
1419 1481 1446 1518 ro

289 1549 453 1610 rexerunt
482 1547 527 1608 ad
557 1549 708 1610 castrum
741 1546 872 1611 dictum
897 1546 1097 1630 Elstirberg,
1122 1547 1254 1612 distans
1281 1549 1324 1612 ab
1349 1549 1407 1612 Elr

290 1634 437 1719 phordia
465 1634 560 1697 XIII
583 1635 740 1712 miliaria,
771 1636 863 1718 quod
894 1637 1012 1699 statim
1036 1640 1201 1719 ceperunt
1225 1641 1328 1719 atque
1353 1638 1407 1702 de-

289 1727 499 1797 struxerunt,
525 1716 618 1786 x11¹³
645 1729 800 1807 raptores
826 1724 957 1789 ibidem
980 1725 1144 1789 decollari
1166 1727 1406 1810 permiserunt.

289 1812 441 1876 Tandem
461 1813 675 1877 advenerunt
692 1813 846 1889 Bohemi‚
871 1814 961 1877 servi
983 1813 1116 1878 scilicet
1138 1815 1239 1898 regis,
1264 1815 1406 1899 opidum

289 1901 419 1964 dictum
450 1900 726 1966 Novum-forum
762 1922 838 1965 cum
874 1902 1019 1966 ecclesia
1047 1903 1126 1985 igne
1157 1908 1405 1982 cremaverunt,
1418 1924 1443 1964 ιε

195 2011 225 2060 ‘t
233 2011 278 2056 rsa.
289 1993 439 2054 castrum
474 1991 580 2054 eciam
620 1991 700 2073 igne
739 1993 928 2054 crematum
964 1992 1232 2056 'destrimerunt
1284 1991 1406 2057 Curias

288 2099 368 2143 vero
392 2079 543 2143 munitas
565 2080 644 2164 plus
667 2100 770 2162 quam
789 2079 852 2142 LX
874 2079 1103 2144 incenderunt
1127 2083 1162 2144 et
1185 2082 1295 2165 perire
1318 2082 1406 2146 fece-

288 2171 380 2232 runt.
427 2167 540 2232 Multa
569 2168 662 2232 mala
692 2168 776 2233 haul
812 2169 1021 2253 pauperibus
1048 2170 1244 2234 hominibus
1267 2171 1405 2235 villanis

288 2277 349 2341 per
371 2257 508 2341 rapinas
533 2259 568 2321 et
591 2258 752 2321 incendia
773 2257 968 2322 intulerunt
980 2258 1001 2319 ¹.

395 2345 525 2410 Eodem
559 2366 650 2409 anno
684 2346 721 2409 in
756 2348 922 2410 autumno
956 2345 1160 2431 pestilencia
1190 2347 1441 2433 epydimialisro

287 2434 413 2497 iterum
437 2434 473 2496 in
497 2434 691 2518 Erphordia
713 2455 857 2517 regnare
880 2435 1019 2518 incepit,
1043 2437 1095 2499 ita
1117 2440 1156 2498 ut
1179 2437 1216 2500 in
1232 2435 1405 2520 aliquibus

287 2523 450 2606 hospiciis
478 2523 552 2606 *per
575 2542 726 2588 mensem
750 2523 821 2587 VII
850 2524 906 2588 vel
930 2524 1021 2587 VIII
1049 2524 1104 2589 vel
1129 2524 1277 2609 amplius
1300 2541 1509 2592 morer-⁴⁸⁵-

287 2615 417 2674 rentur.
463 2611 693 2694 Requiescant
727 2612 764 2675 in
798 2613 899 2697 pacel
1016 2613 1146 2678 Eodem
1181 2635 1271 2678 anno
1302 2614 1404 2679 Iudei

182 2700 516 2784 uaanlrphordiam
540 2701 630 2765 circa
651 2701 778 2765 festum
811 2702 921 2766 sancti
944 2701 1088 2765 Martini
1117 2705 1220 2786 pauci
1248 2724 1402 2780 numero,

287 2789 449 2853 videlicet
479 2789 547 2854 dno
578 2791 731 2874 hospites
762 2811 838 2854 cum
869 2791 1033 2854 uxoribus
1063 2795 1098 2855 et
1121 2792 1246 2874 pueris,
1276 2792 1439 2857 reversiro

287 2881 368 2940 sunt
391 2880 494 2961 atque
518 2899 578 2962 per
601 2879 758 2944 consules
778 2879 912 2943 defensi
927 2880 1140 2944 mansionem
1162 2881 1291 2945 ibidem
1314 2902 1403 2946 rece-

286 2971 421 3051 perunt.

166 3027 276 3139 Mffi
392 3059 494 3120 Anno
523 3056 664 3120 Domini
694 3053 890 3121 MCCOLV.
927 3057 1017 3121 circa
1050 3057 1178 3121 festum
1209 3057 1403 3142 palmarum

284 3144 532 3210 inundaciones
562 3145 671 3209 multe
702 3146 737 3210 et
761 3145 942 3229 magnoin
966 3149 1059 3209 terra
1081 3147 1285 3212 Misseuensi
1307 3148 1402 3212 facte
1458 3173 1463 3184 ·

286 3236 367 3297 sunt
396 3255 465 3298 non
497 3235 570 3298 sine
600 3235 725 3298 damno
758 3233 984 3317 plurimorum
995 3235 1015 3311 ²,
1040 3235 1077 3298 in
1099 3235 1291 3320 Thuringin
1319 3257 1401 3301 vero
1411 3259 1440 3298 ro

285 3343 410 3405 magua
431 3323 641 3387 instabilitas
665 3343 746 3387 aure
776 3323 813 3386 in
835 3323 949 3406 Aprili
973 3327 1007 3388 et
1030 3324 1123 3388 Maio
1146 3325 1241 3389 facta
1265 3329 1326 3402 est,
1349 3326 1402 3390 ita

284 3414 325 3474 nt
347 3410 450 3474 multi
474 3413 548 3495 agri
576 3412 775 3477 inseminati
798 3417 1038 3495 permanerent
1064 3433 1172 3496 usque
1196 3415 1240 3478 ad
1263 3417 1400 3498 tempus

283 3500 600 3564 indeterminatum.

284 3711 306 3757 ι)
319 3708 350 3747 atr
364 3707 400 3755 Ν,·
412 3719 453 3749 acu
466 3711 487 3752 1,
541 3709 563 3758 b)
578 3709 738 3759 dnodoclmque
751 3710 776 3759 V,-
791 3715 814 3750 at
827 3706 946 3751 duodecim
961 3710 991 3750 N.

284 3867 311 3932 1)
331 3868 373 3932 Of.
393 3868 421 3923 Ο.
437 3869 540 3936 chclc,
560 3871 620 3922 ‘Dic
638 3870 764 3922 Wcuincr
781 3872 819 3924 im
830 3871 911 3926 XIV.
924 3871 1034 3926 Jahrb!
1046 3871 1117 3940 App.
1133 3873 1233 3938 p.10·.
1305 3871 1334 3942 2)
1355 3872 1398 3936 Of.
1409 3887 1437 3928 so

283 3941 355 3992 Ana.
369 3939 525 4008 Vctcroocll.,
545 3940 594 3994 SS.
607 3941 686 4008 XVI,
704 3959 732 4010 p.
744 3945 788 4008 45,
806 3942 855 3995 uti
871 3943 887 3997 l.
901 3946 945 3999 34.
965 3944 1037 4010 leucu
1054 3941 1106 3996 XI.
1125 3941 1189 3998 Kal.
1208 3942 1298 4011 April.

735 4229 946 4236 -—--——-
