3214 4990
642 447 810 504 ORONIOA
828 448 964 508 MINOR.
1308 454 1362 510 491

247 632 440 699 condita-
462 652 539 697 num
561 633 601 697 ab
624 631 685 696 hae
707 629 871 697 exordium
892 633 1091 786 sumpsit-
1112 653 1209 715 nsque
1224 636 1268 699 ad
1281 633 1363 699 nati·

247 722 374 788 nitatem
394 719 519 788 Christi
542 721 620 786 dare
641 718 705 786 sibi
721 727 939 803 proposuerat,
963 721 1011 788 ita
1031 721 1246 818 composuerit
1225 729 1304 787 tut
1325 743 1365 788 ea

247 809 392 876 historiis
418 809 526 876 Oresti
547 808 688 888 frustula
710 810 865 891 quaedam
887 810 1044 893 cetliperet
1071 832 1109 877 ac
1131 810 1219 876 nullo
1236 773 1364 877 servato

248 899 359 964 ordine
387 898 473 964 inter
495 919 528 964 se
555 897 604 963 ita
632 896 783 980 misceret,
812 903 849 962 nt
869 901 957 980 apud
978 921 1048 966 eum
1070 899 1182 966 bellum
1205 899 1364 966 Punicum

216 989 418 1054 seecundum
440 993 514 1054 ante
529 985 682 1070 primum,
706 986 763 1053 hac
785 993 859 1053 ante
831 987 1010 1053 tRomam
1033 1010 1054 1053 a
1073 987 1214 1055 Gallis
1200 1009 1364 1054 incensam

246 1083 375 1160 aestum,
399 1097 469 1144 cum
496 1074 602 1142 Gallis
623 1074 719 1141 diane
745 1074 864 1142 Gothos
886 1076 1021 1142 Romam
1043 1079 1152 1144 urbem
1173 1077 1365 1143 dmhumsse

248 1167 396 1249 lebamus,
419 1171 455 1230 ut
474 1164 623 1231 Croesum
644 1184 747 1247 sepem
762 1164 888 1248 Indiae
905 1171 1039 1248 tempore
1053 1165 1249 1232 Diocletiani
1270 1166 1365 1248 impe-

247 1254 367 1321 ratoris
394 1253 511 1319 misisse
537 1259 693 1336 stupentes
722 1253 762 1319 ab
791 1274 826 1318 eo
855 1253 1022 1320 discamus.
1069 1255 1114 1320 In
1143 1254 1246 1321 codice
1268 1255 1364 1320 Lam·

242 1343 371 1426 pertine
386 1341 513 1408 Montis
532 1343 566 1408 S.
583 1341 674 1407 Petri
695 1363 730 1407 eo
752 1349 896 1425 tompore,
920 1363 980 1425 qno
1002 1344 1106 1424 frater
1121 1343 1237 1409 Minor
1259 1349 1365 1409 nester

214 1454 319 1499 neum
348 1431 430 1515 lepit,
461 1430 728 1498 continuationem
750 1431 930 1497 Annalium
954 1433 987 1498 S.
1004 1432 1095 1498 Petri
1117 1432 1363 1515 Erpleesfurten-
1454 1479 1456 1484 ,

248 1520 332 1587 mum
354 1527 411 1586 ant
398 1519 571 1586 tbreoimn
594 1525 650 1584 aut
670 1519 828 1584 maiorum
850 1520 994 1587 additam
1013 1521 1114 1602 fnisse
1136 1527 1258 1587 constat
1245 1521 1366 1602 t¹,sed

248 1610 353 1690 frater
374 1608 492 1675 Miner
519 1629 585 1674 non
613 1607 737 1674 curauit
761 1629 842 1690 qnae
870 1629 951 1676 saec.
977 1610 1068 1675 XII.
1090 1609 1295 1692 Erphordiae
1317 1609 1364 1676 nel

248 1698 286 1764 in
312 1697 498 1781 Tharmata
517 1703 605 1780 pesta
627 1704 709 1778 sunt,
733 1697 817 1762 nihil
839 1719 878 1762 en
900 1699 952 1764 his
973 1699 1140 1782 exscripsit
1148 1701 1169 1762 ².

361 1787 404 1854 Ut
425 1807 506 1870 pesae
528 1786 632 1868 mapis
654 1807 723 1851 eum
745 1787 941 1852 delectabant
968 1787 1132 1870 calliperet,
1163 1787 1244 1854 alias
1267 1787 1365 1853 libros

214 1899 319 1944 neum
341 1876 433 1942 adire
455 1875 599 1958 oportuit,
622 1874 782 1956 inprimis,
806 1875 941 1957 quasin
957 1877 1089 1958 psalma
1104 1875 1289 1957 nominauit,
1314 1876 1365 1940 ins

249 1965 447 2046 canonicum,
476 1963 580 2029 idest
606 1963 761 2030 Gratiani
783 1963 953 2030 Decretum
981 1971 1010 2030 et
1037 1964 1186 2046 Greporii
1209 1965 1234 2028 I
1234 1963 1278 2028 X.
1301 1965 1364 2030 De-

250 2054 388 2135 cretales,
412 2075 451 2119 aa
468 2051 612 2118 Honorii
626 2052 923 2134 Aupnstcdunensis
945 2053 1061 2119 libram
1083 2055 1121 2119 de
1144 2053 1252 2134 officio
1275 2053 1364 2119 eccle-

249 2143 386 2223 siastico,
410 2141 465 2224 qni
487 2140 676 2207 inscribitur
702 2141 835 2206 Gemma
857 2142 986 2208 animae
995 2143 1015 2223 ³,
1040 2148 1105 2206 tum
1128 2141 1219 2206 Petri
1246 2140 1364 2207 Comes·

249 2232 328 2298 teris
361 2229 543 2297 Historiam
576 2229 785 2312 scolasticam,
820 2229 1070 2312 Pseudoturpini
1104 2230 1209 2296 Vitam
1243 2229 1364 2294 Karoli

213 2321 380 2402 soMapni,
411 2341 449 2385 ea
478 2340 542 2401 qna
570 2341 669 2384 unum
699 2319 798 2385 lacum
824 2319 1007 2402 eucerpsit⁴,
1031 2326 1097 2384 term
1119 2341 1192 2384 aera
1214 2341 1364 2402 mapceam

249 2409 454 2476 collectionem
490 2407 637 2475 Vitarnm
670 2414 851 2474 sanctorum
883 2410 931 2474 oel
964 2408 1181 2491 lependarium
1213 2429 1365 2490 mapnnm

249 2501 332 2582 quod
353 2497 478 2581 dicitur,
509 2497 546 2562 in
574 2517 638 2579 qna
660 2497 720 2563 has
741 2517 821 2580 quas
843 2497 954 2563 dicunt
982 2499 1129 2580 lepeudas
1151 2497 1262 2580 lepisse
1283 2497 1364 2562 oide-

249 2595 310 2662 tur,
334 2593 370 2652 nt
391 2587 440 2651 uel
461 2607 515 2652 eas
537 2607 725 2669 recenseam,
754 2587 927 2669 exquibus
950 2587 1051 2669 plura
1072 2586 1256 2667 exscripsit:
1286 2587 1364 2651 Pas-

249 2676 369 2742 sionem
384 2675 476 2742 Petri
498 2682 528 2741 et
542 2674 641 2740 Pauli
664 2675 903 2757 apostolorum,
928 2697 967 2741 ec
988 2697 1053 2758 qna
1075 2675 1239 2758 epistolam
1261 2674 1365 2740 Pilati

214 2765 394 2848 ssspuriam
424 2765 547 2830 dermm
575 2763 614 2829 in
642 2766 780 2830 secunda
809 2763 989 2831 recensione
1011 2763 1239 2846 transscripsit,
1269 2763 1367 2830 Gesta

250 2854 354 2920 Pilati
363 2855 384 2936 ⁶,
409 2853 499 2919 Vitas
514 2853 562 2918 ael
577 2853 750 2918 Passiones
765 2852 877 2919 Iacobi
892 2853 1025 2936 apastoli
1036 2855 1055 2935 ⁷,
1073 2853 1227 2918 Marthae
1246 2851 1366 2918 sororis

249 2942 415 3024 Mariae⁸,
439 2941 593 3025 Dionysii
608 2941 830 3025 Areopapitae,
854 2941 1012 3022 Materni,
1044 2943 1180 3009 Ursulae
1202 2942 1250 3006 nel
1271 2941 1366 3005 unde-

249 3031 311 3097 cim
347 3031 472 3096 milium
509 3030 679 3114 mrpinum,
719 3030 848 3095 Hilarii
885 3029 1097 3096 Pictaoiensis
1134 3051 1216 3096 noua
1253 3029 1367 3109 fabula

250 3128 385 3200 anetam,
416 3119 636 3185 Inventionem
665 3125 694 3184 et
727 3117 983 3185 Translationem
1014 3119 1167 3202 Stephani
1189 3125 1365 3200 proterrer-

215 3209 338 3292 satyris,
370 3208 462 3274 Vitas
495 3207 640 3274 Martini
676 3207 871 3274 Turonensis
904 3213 1031 3273 auctore
1065 3207 1206 3289 Sulpicia
1241 3207 1364 3288 Seuera,

250 3297 392 3380 Rernipii
426 3297 592 3363 Rernensis
625 3303 751 3363 auctore
789 3296 979 3378 Hincmaro,
1019 3295 1169 3379 Greparii
1198 3296 1229 3360 Ι.
1258 3315 1366 3377 papae

250 3393 376 3452 anctore
399 3386 547 3452 Iohanne
570 3385 713 3468 diacona,
742 3385 892 3469 Grepmrii
916 3386 947 3450 I.
975 3385 1130 3468 Dialopas
1138 3387 1159 3466 ⁹,
1185 3385 1366 3450 Sermonem

251 3545 278 3610 1)
300 3543 341 3607 Of.
361 3559 447 3610 aspra
461 3559 491 3610 p.
504 3543 548 3598 45.
562 3544 661 3610 llssq.
733 3543 761 3612 2)
780 3543 907 3605 Niteris
925 3543 954 3595 id
971 3543 1041 3610 qaod
1057 3543 1089 3594 de
1107 3543 1267 3594 monasteria
1285 3541 1367 3592 Reiu-

250 3613 484 3667 hardsbrunncnsi
494 3614 610 3678 fundato
627 3614 676 3666 sub
693 3615 800 3667 Urbano
809 3614 848 3669 II.
863 3631 939 3682 papa
951 3615 1032 3681 dicit,
1045 3629 1079 3666 ea
1091 3613 1243 3665 Annalibus
1255 3613 1283 3666 S.
1294 3613 1369 3664 Petri

215 3686 399 3740 somaimibus
415 3687 538 3752 sumpsit.
620 3687 649 3754 3)
668 3685 833 3753 Compluries
851 3685 957 3752 editum,
975 3691 1005 3736 at
1023 3685 1149 3736 Maxima
1167 3684 1237 3737 Bibl.
1252 3689 1367 3752 patmum

250 3757 376 3823 Lrepelun.
396 3759 488 3824 (1677)
507 3755 571 3822 XX,
586 3772 616 3823 p.
630 3759 737 3812 1046-
742 3758 827 3824 112&
846 3757 946 3824 Mtpru,
965 3756 1097 3823 Patrolap.
1111 3755 1172 3810 Lat.
1192 3761 1209 3810 t.
1224 3754 1366 3808 CLXXII.

250 3827 374 3894 4)Hunc
392 3831 471 3880 stiam
489 3827 606 3892 fortasse
622 3843 677 3880 nan
694 3843 728 3880 ea
745 3830 804 3896 ipsa
820 3797 869 3880 hac
886 3828 956 3880 libra
973 3829 1095 3895 sumpsit,
1114 3827 1207 3879 sedin
1218 3827 1273 3878 alia
1291 3825 1367 3878 chro-

250 3901 309 3951 nica
326 3901 457 3968 scriptum
474 3900 581 3954 increuit.
671 3899 699 3967 b)
716 3899 769 3954 Ed.
788 3899 900 3967 Lipsius
917 3906 941 3952 et
959 3899 1069 3965 Bennet,
1096 3901 1206 3950 Actaa
1265 3897 1366 3950 olorum

250 3971 404 4039 apocrypha
422 3971 446 4036 I,
465 3986 495 4037 p.
510 3973 598 4027 119-
604 3971 663 4026 177.
735 3969 763 4040 6)
782 3971 845 4022 Nou
863 3971 979 4023 libellum
996 3973 1044 4038 qui
1060 3937 1169 4022 bacatum
1220 3985 1264 4022 ors
1283 3965 1367 4020 Pilati

214 4059 241 4098 ⁴⁰
250 4043 506 4168 {tebald
522 4041 1292 4180 {lffltthdtahdmtmfhttt
1303 4040 1368 4163 tlt

250 4185 384 4239 adnotans:
456 4185 484 4250 8)
503 4183 576 4237 Hace
600 4186 680 4236 attam
697 4183 801 4236 mmmm
826 4186 856 4236 in
873 4185 987 4238 munda
1004 4185 1151 4236 recensione
1169 4185 1303 4250 asscripta
1321 4187 1365 4236 eu.

251 4257 278 4322 9)
302 4255 430 4321 Greparii
443 4255 598 4321 Rephmum
617 4255 754 4323 adauctus
771 4256 879 4324 citatm,
899 4255 944 4308 sed
957 4255 1114 4323 plerumque
1131 4271 1165 4308 ecc
1182 4271 1237 4306 ana
1256 4253 1367 4322 epistola

249 4342 303 4380 nan
322 4327 359 4378 ad
376 4327 483 4378 verbum
500 4333 608 4395 sumpta
626 4332 697 4392 arnt,
717 4342 785 4394 qaae
803 4327 881 4381 Gran.
897 4327 989 4380 Minor
1006 4327 1091 4394 habet,
1111 4327 1177 4391 alia,
1198 4341 1252 4394 pra
1270 4325 1367 4391 quibes

214 4399 404 4464 amanuncus
423 4397 536 4449 allatum
554 4403 599 4458 est,
617 4399 647 4450 in
665 4413 693 4451 aa
710 4413 764 4451 nou
783 4400 963 4452 inveniantur.
1002 4397 1075 4451 Unde
1092 4415 1126 4451 ea
1143 4398 1200 4449 alie
1218 4397 1286 4449 libra
1304 4396 1368 4448 hasa

250 4471 341 4522 aucuia
358 4469 491 4536 descripta
507 4469 632 4521 videatur
648 4485 709 4525 esse.
