3214 4990
570 459 738 515 ORONIOA
756 459 890 518 MINOR.
1238 465 1290 520 ool

174 642 339 724 scripsisse
363 649 460 724 patet,
492 664 561 708 cnm
590 643 741 708 Heinrici
770 643 860 709 ducis
889 643 1090 709 Karintbiae
1119 644 1176 710 boc
1205 665 1293 710 anno

174 731 315 811 defuncti
338 731 453 796 obitum
477 731 764 797 commemoraverit
772 733 791 796 1.

284 819 389 885 033133
418 820 598 902 deperditus
626 821 722 886 buius
744 821 856 886 3133313
885 843 955 886 cum
981 821 1226 888 Continuatione·
1253 823 1290 887 V.

173 915 329 974 31333133
346 915 441 990 parte
458 909 593 991 priore²
616 909 774 991 suscripta
796 917 842 975 est
862 910 900 976 in
920 910 1165 976 Continuatione
1193 911 1291 977 0133

141 997 240 1064 33131
271 997 545 1064 Veteroceilensis³
573 998 692 1063 saecuti
717 999 818 1080 XIV,
849 999 943 1078 infra
971 998 1009 1064 in
1041 1000 1213 1081 appendice
1237 998 1290 1082 (I)

173 1087 267 1152 edita.
314 1087 390 1151 Iam
411 1086 497 1168 ipsos
519 1087 639 1152 codices
660 1108 877 1152 recenseamus
884 1109 895 1152 .·

279 1175 313 1239 B
332 1171 360 1259 1)
400 1175 504 1240 Ooden
533 1175 734 1241 bibliothecae
763 1175 931 1257 palatinae
961 1176 1291 1242 Vindobonensis

173 1265 246 1330 Lat.
278 1285 328 1329 nr.
354 1269 417 1328 589
450 1263 540 1346 (otim
570 1264 656 1329 Hist.
683 1266 771 1346 prof.
797 1271 871 1346 844,
903 1266 1053 1334 Ambrae.
1078 1267 1170 1349 255),
1201 1287 1291 1348 quem

172 1353 210 1418 in
230 1353 342 1436 priore
365 1352 500 1418 editione
522 1375 592 1418 mea
614 1353 682 1416 B3
707 1353 844 1436 sipnmi,
875 1361 916 1418 41
941 1353 1023 1434 folia
1050 1357 1290 1420 membranacea

138 1442 295 1521 1oformoe
332 1443 509 1523 quadratae
547 1441 682 1506 minoris
720 1442 896 1523 continens,
935 1443 972 1508 in
1009 1443 1123 1524 quibus
1159 1443 1290 1524 quidam

174 1531 358 1596 Iobonnes⁴
387 1533 509 1596 saecuto
535 1531 635 1596 XIV.
673 1531 843 1596 Oronicam
865 1531 1029 1597 Minorem
1058 1533 1213 1597 secundae
1245 1553 1290 1596 re-

173 1619 329 1684 censionis
359 1641 428 1684 cum
456 1617 699 1685 Continuatione
729 1621 765 1685 V.
791 1641 911 1702 parum
940 1621 1109 1702 ditipenter
1130 1620 1260 1702 scripsit
1268 1621 1288 1685 ⁵.

173 1709 281 1772 Mutia
304 1708 416 1789 prima
444 1731 544 1772 manu
572 1711 716 1774 mendose
746 1708 866 1790 scripta
895 1730 933 1774 en
955 1709 1024 1791 ipso
1047 1709 1149 1775 codice
1176 1709 1289 1790 quiin

173 1797 230 1862 boc
259 1798 418 1878 exemptor
447 1796 675 1879 transscriptus
704 1804 749 1862 est
776 1800 942 1863 emendata
968 1800 1071 1878 sunt⁶,
1106 1799 1162 1862 sed
1194 1798 1289 1862 etiam

138 1887 271 1951 mmutta
293 1886 408 1951 menda
434 1886 530 1950 buius
553 1886 674 1950 scribae
696 1893 927 1951 remanserunt.
973 1886 1152 1967 Aliquoties
1173 1886 1210 1950 in
1233 1887 1289 1951 boc

173 1974 275 2039 codice
297 1974 478 2056 partiendae
502 1974 701 2056 popinarum
723 1998 745 2039 a
768 1975 865 2039 tatere
893 1981 994 2039 tentus
1021 1995 1140 2039 uacuae
1161 1974 1289 2040 relictae

172 2070 253 2128 sunt.
302 2064 392 2144 Quod
412 2062 478 2127 iam
500 2063 537 2127 in
560 2064 727 2146 archetypo
749 2062 845 2128 13133
866 2063 1060 2128 recensionis
1081 2064 1202 2143 factum
1224 2084 1289 2128 3333

172 2151 304 2232 ridetur,
328 2159 363 2217 ut
385 2151 453 2216 alia
469 2159 580 2234 postca
602 2152 680 2216 addi
698 2159 834 2233 possent.

278 2237 378 2323 ΒΝ)
414 2240 518 2306 Oodea
547 2240 838 2306 Pcstbinensis
868 2239 978 2305 Musei
1007 2239 1150 2305 notionis
1184 2239 1288 2322 0393-

136 2329 260 2394 331333
282 2331 357 2394 Lat.
389 2350 440 2394 nr.
466 2331 561 2411 229⁷,
593 2330 730 2394 chartac.
754 2330 825 2410 fob,
858 2352 889 2394 a.
917 2335 1011 2393 1426.
1040 2349 1102 2410 per
1130 2329 1288 2409 qnondam

177 2419 358 2484 Oenotriam
381 2439 419 2484 erc
437 2417 540 2484 codice
563 2418 758 2483 33311421.
782 2418 819 2483 in
834 2419 993 2500 coemptor
1016 2417 1095 2483 satis
1111 2417 1286 2500 perspicue,

172 2508 227 2571 sed
243 2506 478 2572 mendosissime
501 2507 758 2589 transscriptus⁸‚
782 2507 819 2571 in
837 2507 928 2587 sotiis
943 2513 984 2571 52
1007 2507 1046 2572 in
1061 2506 1155 2572 binas
1177 2507 1288 2571 cotum·

172 2617 233 2660 nas
255 2595 370 2660 diensis
391 2597 490 2660 solam
513 2596 682 2662 Oronicam
697 2597 862 2661 Minorem
884 2603 920 2661 ut
936 2596 1000 2659 Bl
1026 2617 1095 2662 cum
1116 2595 1287 2661 Continua-

173 2684 311 2750 tionibus
333 2685 368 2748 V.
397 2691 426 2749 et
452 2685 509 2750 VI.
541 2691 570 2749 31
591 2685 778 2766 Βο133133,
809 2685 900 2765 sotiis
923 2684 1071 2749 52‘—55
1102 2684 1212 2749 uacuis
1242 2704 1286 2749 re-

135 2879 199 2942 311)
224 2876 264 2930 W.
284 2875 373 2927 113133
398 2875 415 2930 1.
434 2876 450 2930 1.
477 2876 548 2927 bunc
573 2877 656 2928 locum
678 2881 770 2943 postea
795 2879 925 2928 1333133
949 2893 1002 2928 3333
1026 2877 1141 2941 coniecit,
1162 2878 1288 2942 opinatus

172 2947 234 3012 fieri
257 2949 413 3014 oportuisse,
437 2953 466 2998 31
490 2953 584 2999 auctor
606 2948 740 3000 Benedicti
757 2946 825 3002 XII.
847 2963 937 3014 popae
958 2949 1114 2998 mentionem
1131 2947 1242 3012 fecisset,
1264 2949 1290 2999 si

170 3026 230 3086 post
254 3021 376 3072 a.1334.
401 3020 557 3084 scripsisset.
594 3017 652 3070 Hoc
675 3033 736 3070 vero
756 3034 811 3070 nou
835 3020 942 3070 omniuo
960 3017 1086 3082 mucidis,
1110 3033 1169 3069 333
1194 3023 1288 3069 auctor

172 3089 219 3141 hoc
232 3105 310 3156 papo
327 3092 432 3154 3133313,
445 3090 561 3153 sortasse
575 3105 629 3141 uno
641 3094 747 3140 tontum
758 3104 831 3140 anuo
844 3095 907 3155 post
918 3089 1061 3141 electionem
1073 3091 1130 3140 3133
1142 3091 1287 3154 scripserit.

171 3161 200 3224 2)
218 3161 268 3212 Sed
287 3160 368 3212 huius
387 3167 490 3212 tautum
509 3161 769 3214 3333311331269.
790 3163 922 3227 msatpta
943 3165 989 3214 331.
1026 3159 1174 3226 Iynorotur
1192 3161 1287 3224 r'pitur,

136 3243 238 3282 sonum
262 3233 290 3282 in
316 3231 361 3283 ido
383 3232 466 3284 codice
490 3233 546 3282 iam
570 3231 773 3297 retracturus
793 3233 886 3297 partis
903 3231 1039 3297 usquead
1056 3247 1082 3284 a.
1098 3232 1174 3285 1276.
1194 3231 1288 3281 addita

172 3304 284 3367 suerint.
357 3303 384 3368 3)
403 3303 473 3354 Nota
499 3304 576 3354 etiam
599 3303 647 3353 boc
664 3305 856 3353 monasterium
874 3303 979 3354 ordinis
998 3301 1177 3354 Cistercicnsr's
1195 3303 1286 3366 fuisso.

170 3375 198 3439 4)
211 3373 252 3437 Cf.
265 3389 352 3439 supra
360 3389 390 3440 p.
399 3376 461 3436 487,
474 3389 501 3427 n.
511 3377 536 3428 3.
591 3373 619 3440 b)
630 3373 673 3436 01,
684 3373 806 3425 ‘Archiv'
814 3372 851 3436 X,
864 3389 893 3440 p.
906 3375 972 3438 4803
990 3373 1053 3428 Tab.
1066 3373 1139 3427 codd.
1152 3388 1286 3425 monusor.

177 3445 320 3498 Vindobon.
339 3444 363 3511 I,
382 3460 412 3511 p.
433 3446 492 3500 102.
530 3445 691 3496 Praesertim
709 3444 862 3512 coruperidio
879 3443 1063 3496 vocabulorum
1081 3451 1104 3496 31
1120 3443 1286 3508 syllabarum

172 3514 228 3581 ubi,
253 3519 293 3582 ut,
318 3531 377 3582 nec,
403 3513 462 3582 nisi,
487 3531 544 3581 ver,
569 3515 611 3567 vir
632 3515 789 3583 plerumque
806 3517 834 3567 in
853 3515 900 3567 boc
917 3515 1001 3567 codice
1018 3521 1041 3566 et
1058 3517 1089 3565 in
1106 3517 1171 3566 31113
1184 3530 1287 3582 parum

136 3597 163 3637 33
168 3588 309 3653 perspicue
326 3589 427 3652 scripto
445 3593 516 3652 3331,
536 3592 566 3638 31
583 3588 630 3638 oio:
647 3587 764 3639 discerni
777 3589 890 3654 possint.
948 3586 975 3656 6)
995 3585 1091 3638 Prima
1105 3589 1211 3653 popina
1229 3601 1287 3637 cum

171 3658 245 3709 ratde
257 3659 359 3710 11313333
372 3665 443 3724 esset,
458 3659 593 3725 posterior
604 3673 701 3709 monus
718 3659 749 3710 iu
764 3658 875 3726 prolopo
887 3659 1017 3724 quaedam
1029 3659 1124 3710 3111333
1142 3659 1287 3723 imcripsit,

172 3745 239 3796 quoe
255 3744 309 3780 nou
326 3729 461 3781 adnotavi.
552 3731 579 3796 7)
604 3729 649 3780 Aa
664 3731 784 3797 priorem
809 3729 946 3782 3311113333
966 3730 1125 3795 parandam
1149 3728 1288 3780 11333133

171 3815 224 3852 nou
242 3799 379 3851 3113111133
397 3805 442 3864 est,
469 3799 508 3850 ibi
531 3802 653 3866 31333133
674 3800 749 3854 Β3’.
839 3801 867 3866 8)
883 3800 957 3850 Nom
977 3805 1038 3866 post
1057 3799 1288 3852 Continuationem

173 3871 339 3923 Bobemicom
358 3872 481 3924 additum
499 3877 552 3922 331.Ι
571 3868 651 3923 Nunc
670 3873 762 3923 autem
781 3872 879 3940 regnat
896 3869 1086 3938 Sigismundns
1105 3886 1155 3923 rex
1167 3868 1288 3994 Unffie

135 3941 200 3994 coin
211 3957 284 3994 nono
297 3957 368 3994 anno
382 3941 439 3995 eius
452 3941 596 3994 eleccionis
608 3945 636 3994 31
647 3957 771 4010 pronuno
782 3941 833 3994 sub
850 3957 921 3994 anno
934 3939 1204 3994 11331131111110000ο
1278 3939 1289 3970 ⁰

171 4011 244 4069 circa
262 4011 362 4065 festum
380 4011 543 4067 ascensionis
560 4011 671 4064 Domini
689 4029 752 4065 aum
770 4011 890 4064 maxims
907 4011 1084 4065 multitudine
1103 4011 1288 4081 Unger-iorum

172 4086 200 4136 31
218 4081 390 4165 Ρ31333311)
410 4126 417 4139 .
437 4127 442 4139 .
463 4127 468 4138 .
488 4085 517 4136 in
534 4081 744 4153 Nirenbergam
769 4082 804 4136 sd
829 4083 1023 4136 celebrandum
1048 4083 1194 4136 concilium
1212 4099 1288 4136 reve·

171 4159 264 4207 133133
286 4159 406 4209 33333311.
444 4153 575 4208 Proficist
593 4153 645 4208 eis!
671 4161 714 4209 etc.
755 4155 828 4206 Tunc
852 4155 1103 4222 33133313133331.ι
1128 4153 1289 4223 Expliciunt

172 4223 288 4280 Oronioe
309 4224 497 4278 Romanorum
515 4241 566 4294 per
586 4242 682 4278 manus
703 4224 822 4278 Oswaldi
843 4224 878 4278 (13
900 4223 919 4278 S
930 4267 1007 4280 .....
1019 4241 1035 4278 3
1051 4229 1155 4294 (nomm
1172 4243 1288 4282 333333.

135 4295 192 4350 430
217 4312 276 4348 cum
300 4297 469 4349 Wattenbnch
497 4298 579 4364 lepore
603 4299 673 4350 mibi
697 4299 770 4350 31333
793 4313 862 4361 sum,
889 4312 943 4349 non
967 4295 999 4361 F,
1026 4303 1056 4348 31
1083 4297 1173 4349 11νό33
1199 4298 1288 4363 notuit,

171 4368 288 4432 fortasse
304 4371 434 4436 scriptum
452 4376 511 4422 crat
528 4365 637 4438 Suesia)
658 4383 729 4421 anno
747 4367 858 4420 Domini
875 4365 1130 4424 M⁰ocac⁰XXVL
1149 4369 1177 4422 in
1195 4367 1289 4439 vigilia

171 4438 294 4492 omnium
311 4443 475 4494 3333133313.
