3162 5022
223 451 392 508 ORONICA
404 451 431 510 S.
441 451 559 508 PETRI
570 451 834 509 morinensis
846 452 938 508 nol).
957 453 992 510 A.
1004 455 1081 510 1214.
1093 455 1170 510 1215.
1215 457 1268 511 213

148 647 272 700 verunt.
320 641 386 700 Rex
408 646 541 701 autem
564 648 719 718 augustus
742 643 976 700 Fridericus
1007 646 1039 700 et
1061 659 1115 700 rex
1137 616 1435 732 Ἑωοίοέἓὲὲω

149 732 290 806 proxima
319 731 489 798 subsecuta
517 735 618 789 estate
647 731 889 807 provincialibus
920 732 998 788 Rani
1028 735 1061 788 et
1089 731 1265 789 fautoribus
1275 740 1329 784 (Μ.
1337 741 1404 787 Auo.)

147 819 276 878 Ottonis
298 821 476 890 imminent,
499 823 532 878 et
554 837 608 878 rex
625 820 754 878 Francie
778 819 929 878 Ottonem
952 821 985 876 in
1007 820 1118 895 fugam
1140 837 1265 878 conver·

148 915 230 978 tens,
254 910 385 967 multos
409 926 538 967 suornm
561 909 713 968 nobilium
742 910 775 966 in
805 925 916 983 campo
939 909 1093 967 conclusit
1115 913 1148 967 et
1170 909 1381 984 capti-(imi).

118 1009 217 1055 aros
247 999 389 1056 abduxit.
435 997 513 1056 Iude
544 1015 610 1056 sors
641 996 767 1056 Ottonis
797 1015 816 1055 a
845 1015 992 1072 supremo
1021 998 1148 1055 cardine
1176 998 1266 1072 lapsa

146 1088 215 1144 aine
250 1104 306 1162 spe
341 1087 544 1162 recuperandi
577 1087 799 1144 incredibiliter
833 1086 1005 1144 descendit.
1058 1086 1266 1144 Postmodum

145 1177 309 1234 fortunam
333 1177 413 1234 circa
436 1179 556 1234 statum
580 1194 673 1234 suum
696 1175 807 1233 videns
831 1193 900 1233 esse
924 1179 1091 1245 mutatam,
1115 1176 1157 1233 ad
1179 1173 1265 1233 (lolo-

146 1265 274 1322 nienses
309 1265 446 1324 divertit.
497 1263 593 1323 Cuius
628 1281 771 1333 consors,
806 1264 990 1322 Brabantini
1023 1264 1101 1334 lilia,
1136 1264 1266 1322 aleatrix
1278 1267 1354 1321 1215.

146 1355 283 1429 publice,
307 1371 380 1412 cum
404 1354 549 1411 deludis
572 1353 667 1411 variis
690 1353 832 1428 plurimis
856 1357 1017 1411 teneretur
1033 1353 1158 1422 debitis,
1182 1371 1266 1411 cum·

111 1455 207 1518 toque
237 1443 370 1501 infinitis
400 1441 497 1501 Otto
526 1443 594 1517 ipse
623 1442 796 1500 raciociniis
826 1442 1026 1518 obligaretur,
1056 1459 1114 1500 nec
1144 1445 1266 1518 pateret

146 1532 325 1589 divertendi
348 1532 445 1600 locus,
470 1532 527 1589 sed
549 1548 617 1600 nec,
641 1531 726 1589 unde
749 1531 936 1601 redderet,
959 1531 1094 1588 facultas
1122 1541 1266 1606 suppete-

146 1625 209 1679 ret:
235 1621 417 1696 imperatrix
440 1618 567 1678 Ottonie
597 1621 726 1678 consilio
753 1621 915 1678 advocatis
939 1618 1187 1688 Coloniensibue,
1211 1619 1265 1677 im·

146 1713 271 1785 petrata
294 1709 494 1785 exspaciandi
509 1709 611 1778 venia,
634 1709 712 1784 iuga
733 1709 823 1784 lapsa
845 1710 916 1767 init.
955 1708 1059 1780 Quam
1075 1709 1125 1767 die
1140 1712 1266 1784 postera

146 1800 317 1874 imperator
340 1803 477 1868 secutus,
502 1798 654 1856 simulans
678 1798 815 1856 venandi
842 1798 994 1866 studium,
1019 1802 1051 1856 et
1079 1798 1146 1873 ipae
1170 1798 1395 1856 credi-(nme)

110 1888 267 1946 uteribus
291 1888 356 1946 suis
379 1887 475 1946 nichil
497 1887 702 1956 restituendo,
726 1887 985 1962 ingratitudinem
1007 1904 1063 1961 pro
1086 1887 1190 1962 gracia
1206 1886 1265 1945 sibi

146 1979 291 2052 impensa
313 1977 466 2052 rependit.
505 1974 762 2051 Quapropter
784 1974 986 2034 Colonienses
1009 1975 1161 2033 adversus
1177 1974 1265 2034 Otto·

146 2083 219 2124 nem
236 2066 439 2124 vehementer
461 2065 609 2123 commoti
632 2068 727 2141 atque
750 2065 790 2123 ab
813 2081 850 2122 eo
874 2065 999 2139 penitus
1023 2065 1205 2122 recedentes
1223 2065 1265 2122 ad

146 2155 398 2213 Fridericum
433 2171 539 2229 regem
569 2155 774 2212 diverterunt.
821 2155 895 2211 Mox
924 2158 957 2210 et
986 2153 1061 2211 urbs
1090 2153 1144 2210 illa
1177 2153 1263 2228 regia
1274 2171 1340 2220 (Aua.
1349 2171 1380 2220 ι).

145 2243 268 2301 Drivels
298 2247 331 2301 et
360 2259 398 2302 ea
427 2260 487 2318 que
510 2243 728 2300 Landescrone
758 2243 882 2312 dicitur,
912 2259 932 2300 a
953 2241 1096 2317 Philippo
1119 2241 1264 2316 primitus

108 2327 352 2401 m'instaurata,
375 2333 457 2407 regis
480 2331 681 2389 Friderici
704 2333 854 2406 potestati
873 2331 1079 2389 subiciuntur.
1159 2329 1361 2396 Hoc²·r.1m.

144 2425 287 2497 tempore
320 2422 408 2496 ipse
437 2420 631 2478 Dominus
666 2421 832 2479 cuiusdam
865 2419 996 2495 perlecti
1025 2420 1084 2477 viri
1116 2421 1264 2478 excitavit
1275 2421 1352 2476 1213.

144 2497 326 2586 spirituml’,
356 2511 521 2566 insinuans
551 2510 589 2579 ei,
620 2509 706 2584 quod
726 2509 822 2567 Terra
845 2507 960 2567 Sancta
989 2510 1130 2584 proximo
1152 2509 1262 2580 lustro,

143 2599 251 2658 idest
273 2598 497 2674 quinquennio,
527 2615 546 2655 a
569 2598 657 2656 clade
680 2596 921 2656 Sarracenorum
945 2616 1017 2656 cum
1041 2599 1106 2655 suis
1130 2599 1262 2673 captivis

144 2688 254 2746 foret
276 2687 447 2745 liberanda.
482 2687 603 2745 Exinde
619 2681 778 2746 dominus
801 2701 892 2766 papa
907 2680 1135 2745 Innocencius
1152 2680 1262 2745 missis

106 2789 206 2855 asper
229 2770 423 2836 universam
447 2770 625 2835 ecclesiam
652 2769 779 2835 litteris
803 2774 957 2834 crucem⁰
986 2770 1168 2834 constituit
1190 2791 1262 2853 pre·

144 2860 263 2938 dicari,
287 2859 452 2943 magistro
476 2853 658 2923 (luntiado‘¹
685 2858 747 2923 de⁰
775 2851 984 2924 Morburch‘
1010 2859 1047 2921 in
1073 2859 1139 2923 hoo
1162 2878 1262 2942 nego·

143 2949 198 3013 cio
221 2947 474 3014 Theutoniam⁶
500 2947 747 3012 committendo
759 2947 780 3010 ¹.

251 3029 427 3101 Mccxv.¹¹
475 3041 682 3100 Innocenoius
708 3059 800 3117 papa,
824 3045 861 3099 ut
882 3042 965 3099 vires
988 3041 1117 3100 ecclesie
1139 3041 1349 3100 metire-1215.

142 3136 206 3202 tur,
230 3132 272 3190 ad
294 3135 424 3190 cunctas
448 3130 530 3189 orbis
554 3135 669 3206 partes,
693 3131 793 3188 eciam
809 3131 1004 3200 remotiores,
1027 3130 1199 3205 apostolica
1213 3147 1261 3188 ac·

106 3222 267 3280 accinctus
290 3220 552 3296 magnanimitate
568 3219 674 3294 dirigit
696 3219 800 3294 apices
823 3220 1028 3294 preceptivos‚
1052 3218 1184 3276 firmiter
1197 3218 1261 3276 edi-

143 3327 229 3378 cens,
257 3313 305 3378 ut,
328 3309 469 3385 quisquis
497 3309 810 3384 archiepiscoporum,
840 3309 1067 3384 episcoporum,
1097 3306 1260 3376 abbatum,

142 3399 373 3474 prepositorum
395 3400 490 3472 atquc
505 3413 774 3473 quorumcumque
789 3397 990 3454 ecclesiarum
1013 3395 1204 3471 prelatorum
1219 3395 1261 3452 ad

140 3487 310 3545 concilium
333 3486 477 3562 generale
499 3487 532 3543 in
554 3485 637 3543 festo
660 3489 842 3543 sanctorum
864 3485 1006 3542 omnium
1029 3484 1191 3542 Lateranis
1214 3499 1355 3541 oetan.

141 3576 331 3634 lebrandum
349 3575 469 3633 excitus
492 3591 557 3632 non
580 3578 731 3642 occurrat,
755 3589 993 3649 percensuram
1016 3571 1260 3630 ecelesiasticam

105 3799 165 3844 8⁶²)
178 3797 265 3837 ominis
279 3795 376 3835 amatur
389 3795 411 3838 h.
423 3807 445 3839 a.
458 3793 636 3844 praeacutam
648 3794 670 3834 B
682 3795 769 3845 potvit:
788 3795 853 3834 Anno
871 3791 1005 3833 mecurio
1023 3793 1063 3841 (oie
1075 3802 1120 3842 pro
1139 3792 1199 3841 1214)
1218 3791 1261 3833 hoo

143 3855 211 3901 temp.
264 3849 288 3900 b)
301 3848 454 3900 propheticum
469 3849 520 3891 aad.
533 3847 561 3887 Ε.
616 3847 637 3900 a)
650 3849 681 3886 ale
694 3847 725 3897 li,-
740 3859 782 3888 om.
798 3850 816 3890 1.
870 3843 894 3895 d)
907 3845 931 3890 0.
946 3848 969 3898 1;
983 3845 1058 3887 cunr-r
1072 3845 1099 3889 Ε.
1152 3844 1174 3896 e)
1188 3845 1228 3886 der
1243 3847 1261 3889 1.

142 3904 161 3955 1)
174 3902 283 3954 lintburg
296 3901 323 3942 1.
377 3904 401 3953 g)
414 3901 550 3942 Tentnniam
563 3899 590 3944 Ε.
643 3901 667 3953 n)
680 3901 732 3940 haec
746 3923 771 3930 -
781 3913 807 3951 p.
822 3901 868 3952 tlt,
882 3902 898 3944 1.
912 3901 946 3940 13.
961 3911 1002 3944 om.
1016 3899 1042 3943 Ε.

144 4083 171 4150 1)
190 4078 373 4134 Innocenoins
391 4109 424 4119 -
443 4075 581 4146 predicari
598 4076 717 4132 amata
734 4094 768 4130 oc
785 4080 822 4132 iic
838 4093 906 4145 qim
923 4079 954 4129 ia
973 4077 1053 4132 Gran.
1067 4077 1260 4132 tancardcor.

138 4169 168 4220 p.
181 4155 245 4217 584,
264 4152 282 4207 l.
295 4154 331 4207 33
342 4167 397 4219 sqq.
417 4151 552 4217 beamur,
572 4148 703 4219 magistro
722 4179 755 4189 -
775 4147 972 4202 committendo
990 4148 1062 4213 falec
1079 4148 1173 4201 addita
1189 4153 1261 4204 aaut.

106 4223 245 4289 occino
262 4225 333 4276 enim
350 4221 469 4288 officium
482 4218 682 4288 medatem
698 4221 786 4274 mdc
803 4221 833 4272 o·
852 4219 999 4272 raama
1017 4225 1079 4272 tum
1095 4221 1261 4272 commissum

141 4297 185 4362 οἳ,
211 4295 270 4347 cide
293 4297 324 4346 ia
349 4293 467 4360 epistolia
485 4292 635 4344 lanceato·
648 4307 738 4359 popae
755 4291 827 4343 dotat
845 4305 931 4343 mmm
949 4291 1044 4360 Aprili
1060 4307 1086 4345 a.
1100 4293 1178 4356 1213,
1196 4290 1260 4357 Ray.

142 4365 210 4490 {ff
226 4367 257 4432 V,
266 4381 319 4493 5oro
331 4366 402 4421 6143
422 4388 454 4408 =
473 4361 596 4416 Poetae
615 4379 660 4418 nr.
678 4364 757 4418 4727.
776 4363 866 4420 25692
882 4361 996 4432 (47211).
1034 4361 1077 4428 Os.
1089 4361 1134 4417 Ἢ,
1147 4360 1261 4414 Arcti&

199 4454 252 4504 tp·
283 4439 300 4491 7
320 4477 326 4490 ·
