3182 4996
263 463 455 520 GRONIGAE
468 463 497 520 S.
508 463 624 520 PETRI
636 461 796 519 ERFORD.
815 461 920 520 CONT.
932 461 989 520 HI.
1006 463 1043 521 A.
1053 467 1130 521 1353.
1142 466 1219 520 1354.
1255 467 1308 520 383

191 669 258 734 que
298 647 458 732 Gangolfi
496 657 571 711 ante
612 654 739 711 valvam
777 654 879 710 sancti
916 652 1087 728 Augustini
1124 635 1406 751 Εἱῑρὶιοτᾱὶθ.Ξὲῗὲοῇι
1424 703 1450 743 H

191 745 311 802 Eodem
337 761 421 801 anno
452 742 581 818 opidum
603 743 790 816 Dorneburg
819 742 941 799 occulto
962 741 1022 799 Dei
1048 741 1162 799 iudicio
1192 759 1308 816 magna
1339 735 1344 747 ’
1408 731 1414 744 ’
1450 735 1456 746 ’

192 837 342 908 exparte
371 834 463 907 igne
493 832 737 890 conbustum
761 822 855 904 [estss]
879 847 942 887 uno
972 831 1037 887 ictu
1060 829 1213 898 fulminis,
1237 847 1308 887 nec

191 939 269 980 non
292 922 445 979 civitas
469 921 605 978 Ylmena
627 924 701 978 aute
724 937 847 989 nemus,
871 917 1061 993 Sluzungen,
1085 919 1307 987 Nova-civitas,

159 1010 397 1080 sOrlamunde,
420 1027 589 1068 necnon
604 1007 705 1066 muita
719 1008 864 1067 incendia
880 1009 1095 1066 commissa
1113 1017 1209 1066 sunt
1228 1002 1308 1085 igne

191 1094 354 1158 violento.

299 1183 430 1246 Eodem
465 1203 555 1246 anno
590 1181 677 1245 obiit
706 1181 865 1244 dominus
896 1179 1081 1244 Heinricus
1115 1180 1159 1243 de
1186 1178 1431 1251 Vernemeto).

192 1272 281 1356 burg
304 1272 484 1356 episcopus
507 1270 791 1354 Mogontinensis,
816 1290 918 1353 quem
941 1269 1099 1333 dominus
1124 1288 1214 1351 papa
1237 1267 1308 1332 ele-

192 1381 289 1439 mens¹
318 1363 434 1425 sextus
464 1364 546 1424 ante
576 1360 724 1443 quatuor
754 1359 882 1423 annos1
913 1359 1119 1441 deposuerat
1149 1357 1309 1440 omnique

155 1472 183 1511 ro
193 1450 323 1514 honore
338 1449 532 1533 privaverat
555 1468 619 1513 nec
634 1469 704 1512 non
719 1447 1083 1522 excommunicaverat,
1107 1438 1305 1510 dominumb

193 1537 397 1604 Gerlacum⁰
433 1538 475 1602 de
505 1537 650 1601 Nazowe
685 1537 882 1621 episcopum
912 1536 1155 1620 Mogontinum
1189 1535 1310 1599 consti·

192 1630 318 1692 tuerat.
365 1627 445 1711 Ipse
469 1630 591 1690 contra
612 1626 702 1690 velle
725 1627 878 1690 omnium
901 1625 1024 1689 frivole
1048 1644 1250 1708 permanens
1272 1624 1310 1686 in

194 1716 395 1801 episcopatu
418 1715 522 1799 opida
545 1718 580 1779 et
596 1713 740 1779 castella
762 1735 863 1797 quarn
888 1708 1009 1798 plura‘¹
1029 1713 1246 1797 episcopatus
1264 1712 1309 1776 ad

192 1808 350 1890 tempora
373 1825 433 1869 sue
456 1805 527 1868 vite
550 1804 615 1868 sibi
637 1803 792 1868 retinuit.
838 1802 992 1867 Tandem
1015 1802 1174 1866 dominus
1194 1800 1309 1866 Gerla-

156 1898 273 1958 150118θ
303 1894 345 1958 de
369 1893 523 1971 Nauowe,
555 1893 611 1958 cui
641 1893 731 1958 cives
758 1891 1015 1976 Erphordenses
1044 1883 1169 1955 anteaf
1196 1891 1309 1954 homa-

194 1984 290 2067 gium
312 1983 477 2058 fecerant,
502 1981 688 2045 honorifice
712 1984 765 2045 est
788 1981 1019 2046 confirmatus.

303 2071 451 2137 *Eodem
482 2090 572 2135 anno
604 2069 762 2135 dominus
784 2069 1006 2134 Hermannus
1033 2069 1075 2132 de
1099 2067 1411 2152 hychilbornoua.

193 2161 232 2224 in
261 2160 381 2225 Monte
411 2160 530 2225 Sancti
560 2159 655 2224 Petri
681 2158 873 2242 Erphordie
903 2157 1081 2222 abbaciam
1110 2155 1308 2239 resignavit,

194 2250 276 2333 quia
298 2249 373 2314 Deo
396 2249 620 2332 permittente
644 2268 743 2313 cecus
765 2247 880 2312 factus
903 2247 1035 2325 fuerat;
1067 2245 1123 2310 cui
1146 2245 1310 2310 successit

157 2339 354 2402 rodominus
377 2337 609 2404 Theodericus
632 2337 675 2402 de
698 2336 882 2421 Bruheyrn.

301 2431 419 2490 Eodem
449 2449 532 2490 anno
566 2435 600 2490 in
630 2432 680 2490 die
709 2432 925 2507 coucepcionis
953 2430 1083 2505 virginis
1113 2409 1460 2508 glorioseffiggssf'J'·

195 2539 255 2597 que
285 2525 362 2579 tunc
391 2521 453 2579 fuit
482 2522 639 2579 dominica
668 2520 797 2594 Populus
819 2517 907 2594 Spore,
937 2522 1118 2577 consecrata
1149 2522 1198 2575 est
1227 2535 1309 2575 nova

195 2605 308 2689 cripta
330 2605 400 2669 sive
423 2611 552 2668 basilica
575 2610 633 2668 sub
657 2610 750 2668 choro
773 2609 954 2667 eiusdem
977 2608 1106 2683 virginis
1136 2624 1192 2682 per
1215 2607 1310 2664 domi·

194 2717 273 2757 num
290 2700 456 2757 Albertum
479 2700 519 2757 de
541 2699 754 2774 Bichelingen,
778 2699 960 2773 episcopum
983 2697 1309 2771 ecclesierusensis.

156 2803 185 2844 τῦ
302 2783 404 2847 Anno
434 2783 576 2848 Domini
602 2780 847 2847 MooeLHII.
877 2782 915 2845 in
942 2783 1064 2845 octava
1091 2779 1310 2863 indulgencie
1321 2766 1414 2879 {³3¹2

194 2873 334 2937 nostre²
358 2867 403 2955 [in
427 2865 665 2956 hrphordiasst
691 2872 774 2935 dum
795 2871 922 2935 nobilis
952 2890 992 2934 ac
1015 2861 1198 2934 sonorosah
1225 2887 1311 2931 cam·
1338 2847 1356 2885 Ρ

194 2982 287 3046 pana
309 2962 465 3026 Andreas
489 2961 637 3038 nomine,
662 2980 727 3043 que
751 2962 891 3024 centum
921 2958 1019 3023 annis
1050 2961 1086 3022 et
1112 2960 1190 3022 octo
1214 2957 1312 3020 dura·

194 3043 356 3128 verat¹·³,
382 3052 426 3115 ad
441 3050 716 3135 predicacionem
731 3049 936 3133 pulsaretur,
961 3047 1139 3111 confracta
1159 3047 1220 3123 est,
1245 3065 1312 3127 que

194 3143 316 3224 postea
337 3139 375 3202 in
396 3139 516 3222 vigilia
538 3139 650 3203 sancti
674 3137 828 3202 Udalrici
858 3137 920 3201 sub
944 3135 1155 3199 Theoderico
1187 3134 1312 3198 abbate
1322 3154 1392 3197 aaa

157 3229 240 3292 aode
256 3228 430 3313 Bruheym
453 3248 515 3312 per
529 3227 733 3310 magistrum
748 3226 995 3291 Theodericum
1018 3224 1150 3288 dictum
1166 3215 1310 3286 Ihoniu¹¹

196 3318 248 3381 est
270 3317 418 3381 refusat.

303 3405 433 3470 Eodem
449 3427 540 3470 anno
563 3405 659 3469 facta
682 3406 734 3468 est
757 3425 884 3488 magna
906 3401 1077 3468 discordia
1099 3402 1192 3464 inter
1209 3399 1313 3464 domi·

194 3515 279 3558 num
306 3494 490 3559 Albertum
522 3495 719 3578 episcopum
749 3492 1035 3576 Herbipolensem
1066 3490 1223 3572 civesque
1252 3489 1313 3552 ibi·

197 3584 286 3648 dem.
332 3583 423 3647 Nam
446 3584 627 3667 episcopus
657 3602 735 3646 cum
765 3581 937 3646 adiutorio
962 3579 1204 3645 canonicorum
1227 3581 1313 3642 cete·

159 3691 380 3756 sororumque
415 3673 604 3737 amicorum
638 3692 777 3736 suorum
816 3671 992 3734 civitatem
1026 3666 1313 3751 Herbipolensem

197 3762 309 3826 tribus
340 3761 540 3845 septimanis
571 3760 716 3838 obsedit,
745 3759 862 3824 vineas
892 3759 1011 3834 secuit,
1041 3756 1172 3821 civibus
1203 3755 1416 3826 multarum).

196 3849 290 3914 mala
312 3851 443 3914 intulit.
490 3849 589 3914 Cives
612 3869 692 3914 vero
723 3851 864 3914 econtra
893 3866 1011 3912 omues
1040 3846 1153 3909 curias
1179 3846 1313 3910 canoni·
1363 3919 1364 3924 ἵ

197 4004 221 4056 ι)
234 4015 277 4045 ora.
291 4007 311 4049 1.
364 4005 388 4056 b)
401 4010 425 4046 st
439 4005 497 4046 dom.
516 4005 539 4046 V.
595 4007 615 4053 c)
629 4006 660 4044 sic
678 4005 705 4053 ἦ·
719 4003 830 4055 gerhoum
844 4005 863 4046 1.
917 4002 940 4054 d)
953 4003 1049 4053 plurima
1066 4002 1090 4045 V.
1143 4000 1165 4052 e)
1178 4001 1210 4040 ac
1222 4000 1251 4049 V,-
1264 4011 1314 4050 ger·

197 4059 256 4099 intus
272 4062 291 4102 1.
351 4059 372 4108 ί)
390 4063 445 4099 ante
462 4059 485 4102 V.
545 4061 568 4109 g)
588 4059 612 4098 in
626 4058 653 4102 a.
667 4059 741 4097 sudosa
755 4069 829 4106 morsu,
849 4059 887 4097 sed
901 4057 946 4096 ulio
960 4061 1040 4098 utrum.
1053 4066 1160 4106 summ.
1174 4057 1193 4098 1.
1247 4053 1271 4106 h)
1284 4053 1315 4094 stc

157 4109 217 4155 401.
233 4112 261 4156 N.
314 4111 331 4164 i)
344 4109 397 4153 dum
410 4113 489 4152 imm
503 4113 554 4156 add,
568 4115 588 4162 1,
603 4124 643 4156 om.
658 4112 679 4156 h.
692 4111 707 4154 1.
721 4111 749 4154 N.
809 4111 833 4163 h)
847 4109 876 4152 ds
890 4111 974 4162 ihonyr
988 4110 1016 4153 Ν.

201 4237 227 4304 1)
243 4235 336 4289 Potius
354 4243 416 4290 onia
438 4238 502 4306 plus
518 4243 614 4304 septam
632 4252 727 4302 aanor,
752 4253 778 4291 u.
791 4238 868 4291 1346.
887 4238 956 4302 apr.
970 4237 994 4290 7.
1013 4233 1135 4290 videlicet
1207 4235 1235 4300 2)
1257 4231 1314 4288 Le.

199 4307 371 4360 dedicationis
388 4309 514 4362 exactae.
549 4309 592 4373 Cf.
610 4323 697 4374 supra
716 4325 745 4376 p.
757 4309 818 4363 291.
828 4309 892 4364 295.
983 4308 1009 4373 3)
1030 4307 1072 4370 Of.
1091 4321 1178 4374 aspro
1195 4321 1221 4360 o.
1238 4306 1315 4367 1246,

194 4395 225 4446 p.
244 4381 305 4435 240.
377 4379 405 4446 4)
422 4379 624 4447 [accubituum
642 4381 700 4432 eiua
717 4379 814 4431 eddom
832 4395 850 4430 o
868 4379 902 4433 Β,
917 4377 1038 4430 Bdclcner
1059 4378 1117 4430 vida
1133 4378 1164 4429 ἐπ
1182 4375 1315 4433 ‘Mentori

196 4449 224 4504 d.
240 4449 269 4505 V.
288 4450 311 4515 s.
330 4451 373 4503 dic
392 4451 483 4510 Gcscb,
500 4467 528 4504 a.
547 4451 603 4503 Alc.
621 4466 644 4502 u.
662 4449 778 4515 Erfurt’
790 4450 842 4518 XI,
865 4467 895 4518 p.
915 4452 974 4506 154.
