3162 5022
309 477 363 531 244
405 470 572 528 GRONIGA
585 470 612 528 S.
623 469 740 526 PETRI
752 466 1013 526 ERFORDENSIS
1025 467 1115 524 Mon.
1135 469 1171 527 A.
1183 473 1259 528 1251.
1272 475 1348 528 1252.

223 667 300 720 1251.
398 657 532 760 ''Anno
547 654 705 759 ‘Domini
735 651 890 719 MGOLI.
938 651 1115 756 (tristanus
1148 654 1327 758 episcopus
1356 655 1563 720 Moesos

162 741 1429 899 castitiislimiticlimhtihxhlihit

150 877 429 988 W'w‘n'lemues
459 927 606 987 celebrati
636 931 712 985 sunt
741 927 866 984 ordines
895 925 1067 1000 ErphordIe
1096 927 1130 982 in
1164 927 1294 984 ecclesia
1325 929 1428 985 sancti

309 1019 393 1076 Petri
416 1018 456 1076 ab
479 1017 625 1075 Heinrico
647 1015 953 1073 Hildenssheimensi
976 1015 1130 1089 episcopo.
1449 1038 1464 1078 5

223 1101 299 1156 1252.
415 1102 518 1164 Anno
530 1098 671 1164 Domini
686 1096 862 1162 MGOLII.
886 1095 1085 1162 Gerherdns
1101 1098 1280 1183 episcopus
1296 1097 1428 1163 electus

211 1189 501 1274 ror.aErphordie
524 1188 710 1271 suscipitur
724 1186 774 1250 II.
790 1185 908 1250 Nonas
925 1185 1103 1250 Februarii
1125 1186 1163 1250 in
1186 1189 1302 1251 monte
1326 1186 1428 1253 beate

175 1295 249 1342 (rar.
258 1296 301 1345 rr).
309 1279 418 1344 Marie
440 1277 583 1361 virginis
593 1277 614 1339 ².
705 1275 835 1339 Eodem
858 1295 949 1339 anno
972 1278 1128 1339 mortuns
1152 1275 1226 1340 est⁸
1242 1275 1428 1341 Heinricns

309 1368 480 1452 quondam
512 1365 617 1430 abbas
641 1364 767 1428 montis
797 1367 994 1428 sanctorum
1017 1363 1249 1448 apostolorum
1272 1365 1368 1429 Petri
1391 1369 1428 1430 et

233 1473 260 1520 cr.
270 1473 299 1514 n.
309 1455 410 1520 Pauli
432 1456 469 1518 in
485 1453 714 1538 Erphordia⁸.
787 1458 881 1534 Ipso
904 1475 987 1516 anno
1003 1459 1206 1534 Mogontiuus
1229 1476 1249 1517 a
1264 1460 1345 1517 clero
1368 1476 1428 1518 suo
1439 1479 1469 1519 ιο

309 1551 490 1608 vicesimam
514 1549 627 1624 exegit.

175 1637 301 1681 onrrrmr.
416 1625 549 1680 Eodem
573 1641 645 1678 anno
663 1623 818 1678 Fridericus
843 1623 981 1692 quondam
1006 1623 1164 1694 imperator,
1182 1624 1229 1680 sed
1248 1625 1428 1679 anathemati·

308 1696 404 1752 zatusb
427 1703 455 1752 et
472 1697 607 1766 imperiali
624 1697 727 1750 honore
746 1695 877 1764 privatus,
896 1711 1002 1750 veneno
1020 1695 1123 1749 interiit
1141 1700 1170 1750 et
1185 1695 1284 1750 misere
1301 1701 1428 1751 mortuus

309 1770 338 1823 in
365 1769 409 1823 die
436 1773 530 1822 sancte
554 1767 640 1822 Lucie
667 1765 781 1836 virginis
806 1770 833 1819 et
858 1766 985 1834 martiris,
1011 1767 1132 1835 sepultus
1151 1771 1191 1821 est
1210 1766 1283 1836 apud
1301 1767 1428 1838 Fogiem.

310 1839 366 1895 Iste
383 1839 540 1894 Fridericus
557 1839 715 1908 imperator,
740 1837 811 1890 sicut
826 1835 949 1905 prelatus
974 1853 1045 1906 papa
1063 1836 1244 1892 Innoceucius
1268 1838 1297 1890 in
1315 1837 1467 1893 decretura

310 1910 486 1982 Lugdunensi
511 1910 613 1976 scribit,
641 1908 792 1962 irritavit
819 1907 990 1976 multociens,
1012 1924 1108 1977 pacem
1134 1909 1205 1963 inter
1230 1909 1372 1964 ecclesiam
1399 1915 1428 1964 et

310 1982 455 2052 imperium
473 1981 649 2036 reformatam
667 1985 771 2034 temere
789 1979 909 2034 violarit.
948 1976 1121 2048 Perpetrarit
1139 1980 1225 2034 eciem
1243 1979 1427 2051 sacrilegium,

310 2054 371 2122 capi
390 2053 490 2108 faciens
508 2052 576 2106 duos
594 2050 745 2106 cardinales
762 2055 854 2104 sancte
866 2049 992 2104 Romane
1011 2050 1131 2116 ecclesie,
1148 2049 1280 2106 Ottcnem
1292 2050 1428 2106 Portuen·

311 2142 368 2180 sem
388 2130 416 2179 et
434 2124 566 2178 Iacobum
585 2121 776 2177 Prenestinum
802 2120 952 2190 episcopos,
978 2137 1010 2174 ac
1035 2122 1151 2176 aliarum
1171 2122 1346 2176 ecclesiarum
1364 2139 1426 2192 pre·

310 2197 380 2249 latos
405 2199 433 2249 et
457 2194 577 2254 clericos,
601 2193 743 2262 religiosor
768 2197 795 2245 et
814 2193 948 2246 seculares
966 2192 1106 2247 venientes
1125 2192 1160 2247 ad
1178 2193 1334 2261 concilium,
1352 2192 1464 2261 quodro

310 2283 382 2336 papa
399 2265 549 2336 Gregorius
566 2263 617 2320 IX.
636 2263 725 2318 Rome
744 2261 860 2316 duxerat
878 2262 1090 2331 convocandum,
1109 2263 1183 2334 quod
1200 2265 1258 2334 ipse
1277 2264 1427 2334 imperator

310 2337 446 2406 petiverat
464 2335 615 2391 convocari.
653 2335 714 2388 Hos
731 2334 851 2402 prelatos
869 2351 932 2388 cum
951 2334 1057 2389 clericis
1074 2336 1103 2388 in
1121 2333 1257 2389 Siciliam
1275 2335 1342 2389 lecit
1359 2335 1426 2388 diris

311 2407 465 2462 carceribus
483 2405 640 2475 mancipari,
660 2404 822 2474 quibusdam
848 2404 876 2458 in
894 2405 964 2458 mari
981 2405 1085 2462 mersis.
1122 2405 1258 2460 Ecclesiae
1275 2405 1318 2460 XI
1338 2406 1425 2461 archi·

310 2479 477 2547 episcopales
503 2481 531 2531 et
557 2478 657 2530 multas
684 2477 859 2546 episcopales,
878 2476 1005 2530 abbacias
1032 2494 1140 2545 qnoque
1165 2493 1197 2531 ac
1216 2477 1282 2530 alias
1299 2478 1425 2531 ecclesias

310 2551 477 2618 prelatorum
495 2547 628 2618 regimine
647 2547 771 2600 destituit
789 2546 818 2600 in
836 2563 922 2616 reguo
941 2563 1003 2601 suo
1021 2547 1050 2601 in
1067 2565 1150 2618 grave
1168 2548 1289 2617 ipserum
1306 2547 1462 2617 preiudi-rs

310 2620 383 2673 cium
411 2623 438 2673 et
465 2619 616 2688 periculum
645 2619 804 2674 animarum.
842 2617 1028 2672 Ecclesiarum
1054 2635 1111 2673 non
1129 2619 1217 2673 solum
1237 2619 1379 2674 facultates
1399 2625 1426 2672 et

218 2691 383 2748 *filotheus
401 2689 474 2757 iecit,
492 2693 575 2758 prout
594 2689 701 2757 *voluit
720 2689 856 2758 occupari,
875 2688 922 2742 scd
941 2689 1026 2744 eciam
1046 2705 1147 2756 cruces,
1169 2691 1268 2744 calices
1286 2695 1320 2745 et
1338 2689 1426 2744 thuri·

310 2762 376 2815 bula
402 2765 430 2815 et
458 2761 527 2814 alios
551 2777 640 2814 sacros
659 2768 772 2814 earume
795 2759 936 2814 thesauros
955 2764 984 2814 et
1001 2777 1105 2829 pannos
1123 2761 1224 2816 sericos
1241 2761 1317 2815 velut
1336 2762 1426 2814 cultus

310 2832 395 2886 divini
422 2835 595 2901 contemptor
622 2831 722 2885 auferri
748 2831 834 2886 iussit.
872 2830 990 2884 Clericus
1016 2833 1118 2901 quippe
1145 2833 1266 2886 collectis
1291 2836 1319 2886 et
1342 2833 1426 2886 talliis

310 2903 498 2972 multipliciter
517 2901 603 2972 affligi
621 2901 786 2972 procuravit,
804 2918 856 2955 nec
874 2903 962 2956 solnm
980 2901 1159 2956 trahebantur
1184 2903 1218 2957 ad
1236 2902 1366 2957 iudicium
1385 2919 1463 2960 sero

310 2974 409 3042 culsre,
428 2973 475 3028 sed
493 2975 662 3044 cogebantur
679 2973 770 3026 subire
788 2971 887 3040 duella,
912 2973 1160 3042 incarcerabantur,
1185 2973 1380 3028 occidebantur
1398 2979 1426 3028 et

330 3045 439 3099 atibulis
458 3045 650 3098 cruciabantur
667 3045 696 3097 in
714 3043 901 3098 confusionem
921 3052 948 3098 et
966 3045 1002 3097 ob
1022 3045 1145 3098 robrium
1163 3045 1266 3099 ordinis
1285 3045 1425 3101 clericalis.

310 3064 351 3171 Ile
381 3116 472 3199 heresi
496 3131 603 3185 quoque
631 3119 771 3197 suspectus
784 3114 957 3197 habebatur.
1003 3062 1074 3197 Idam
1105 3120 1261 3199 postquam·
1277 3115 1426 3198 Gregorius

310 3186 751 3326 {indicibilem}
762 3185 1461 3327 1111111101311111111111111ξέ1

311 3331 383 3384 cium
402 3330 490 3383 claves
509 3329 621 3383 ecclesie
635 3327 806 3397 contempsit,
826 3326 878 3380 sibi
897 3327 998 3381 faciens
1011 3328 1142 3382 celebrari
1161 3329 1205 3382 vel
1217 3329 1321 3398 pocius,
1340 3346 1424 3398 qnan-

309 3406 369 3455 tum
395 3401 423 3454 in
448 3416 480 3454 eo
505 3399 593 3467 fuit,
618 3397 784 3468 prophanari
809 3397 915 3468 divins;
943 3398 1051 3467 scripsit
1074 3404 1102 3453 et
1120 3400 1233 3453 asseruit
1250 3417 1279 3455 se
1298 3399 1424 3471 Gregorii

309 3489 380 3541 pape
399 3470 549 3526 sentencias
567 3487 623 3523 non
641 3469 729 3523 vereri
757 3473 786 3523 et
804 3469 895 3550 coegit
912 3469 979 3522 alios
998 3471 1148 3524 sentencias
1166 3471 1278 3540 papales
1296 3489 1350 3525 uon
1370 3489 1425 3525 ser-

310 3560 382 3598 vare.
418 3541 547 3596 Preterea
573 3541 733 3594 coniunctus
761 3540 884 3594 amicicia
908 3539 1063 3594 detestabili
1081 3539 1238 3596 Sarraceuis
1256 3543 1380 3596 nunctios
1399 3546 1426 3595 et

312 3630 426 3667 munera
440 3629 534 3667 eorum
553 3629 616 3666 oum
634 3609 794 3666 hilaritate<l
811 3618 839 3665 et
856 3610 1069 3665 honorificsncia
1086 3613 1191 3682 recepit
1210 3617 1238 3667 et
1255 3630 1369 3668 munera
1388 3613 1461 3667 sisso

309 3685 411 3753 pluries
438 3683 590 3738 desfinarit.
627 3681 708 3738 Ritus
737 3699 831 3736 eorum
858 3683 1034 3751 amplectens,
1059 3682 1122 3736 illos
1148 3684 1176 3736 iu
1195 3684 1352 3738 cottidianis
1369 3685 1426 3737 eius

311 3755 445 3823 obsequiis
464 3771 556 3808 secum
575 3754 671 3808 tenuit.
708 3751 835 3806 Existens
854 3751 946 3807 enim
969 3753 1027 3822 ipse
1045 3753 1074 3806 in
1091 3753 1214 3822 partibus
1232 3754 1426 3824 transmarinis,

310 3825 383 3878 lacta
410 3825 609 3894 composicione
636 3823 762 3894 quadem,
790 3840 883 3893 ymmo
910 3824 1060 3878 collusione
1086 3825 1184 3895 verius,
1212 3843 1274 3880 cum
1304 3825 1425 3894 soldano,

310 3895 477 3950 Machometi
504 3911 604 3950 nomeu
630 3896 659 3948 in
687 3895 791 3964 templo
810 3893 919 3948 Domini
937 3895 1033 3949 diebus
1060 3912 1093 3949 ac
1117 3897 1244 3950 noctibus
1262 3897 1425 3966 proclamari

309 3965 440 4034 permisit.
469 3965 585 4020 Bacario
602 3966 661 4036 regi
674 3965 834 4033 scismatico,
853 3965 903 4020 Dei
917 3970 945 4019 et
957 3965 1069 4020 ecclesie
1087 3967 1198 4022 inimico
1217 3972 1245 4021 et
1257 3968 1426 4021 sollemniter
1434 3979 1461 4020 so

311 4036 554 4105 excommunicato,
573 4053 649 4090 suam
668 4035 753 4090 filiam
771 4037 884 4091 tradidit
902 4037 930 4090 iu
949 4053 1070 4093 uxorem.
1101 4038 1206 4094 Ducem
1219 4037 1341 4092 Bawsrie
1359 4037 1426 4091 fecit

310 4213 332 4264 a)
346 4214 449 4264 erphord
463 4217 481 4256 l.
535 4215 558 4262 b)
572 4215 771 4256 anathemstlsatus
786 4217 805 4258 1.
866 4217 975 4264 oleorum
990 4215 1106 4256 thesauros
1121 4219 1141 4257 1.
1204 4213 1226 4266 d)
1241 4213 1390 4265 hilbllarltstc
1405 4217 1424 4256 1.

311 4377 337 4438 1)
351 4374 392 4438 Cf.
405 4375 476 4428 Aac.
490 4373 626 4442 arpena.
642 4391 671 4442 p.
685 4376 743 4430 109.
805 4375 832 4440 2)
853 4373 895 4438 Cf.
915 4375 979 4427 ibid.
996 4392 1026 4441 p.
1041 4378 1100 4432 110.
1158 4377 1186 4442 3)
1201 4373 1253 4426 Ds’s
1264 4374 1347 4429 XIII.
1361 4375 1427 4430 Kal.

311 4446 403 4509 Mart,
422 4445 526 4498 It'ecrol.
545 4445 572 4500 S.
586 4445 662 4497 Petri
678 4445 732 4500 cod.
752 4445 869 4512 Helwicr',
891 4446 934 4499 ‘N.
949 4446 1061 4498 Archio'
1073 4447 1174 4514 XXII,
1190 4462 1219 4514 p.
1232 4447 1294 4502 513.
