3136 4990
338 1257 381 1342 S.
408 1256 582 1341 PETRI
612 1255 1156 1342 ERPHESFURTENSIS

298 1390 643 1476 AUOTARIUM
673 1391 750 1475 ET
781 1389 1185 1478 CONTINUATIO

405 1524 689 1612 OHRONIOI
719 1525 1080 1612 EKKEHARDI.

293 1681 400 1748 boden
421 1680 459 1745 in
481 1679 673 1745 monasterio
695 1679 822 1745 Montis
845 1679 879 1746 8.
896 1679 986 1745 Petri
1001 1681 1304 1764 Erpbeefurtensrs¹

159 1771 284 1838 enredio
307 1791 389 1835 saec.
415 1768 505 1834 XII.
537 1768 747 1850 compluribus
776 1768 949 1834 simillimis
980 1769 1128 1835 manibus
1156 1769 1302 1854 sambatus,

182 1861 237 1943 qui
252 1881 341 1925 nune
355 1858 392 1924 in
408 1857 593 1924 bibliotheca
609 1857 716 1922 dmali
736 1857 913 1923 Gotlcana
928 1864 1081 1938 seruatur,
1106 1859 1188 1942 nan.
1205 1861 1237 1924 A
1251 1865 1302 1942 92,

184 1951 262 2014 mbr.
279 1949 347 2028 fol,
364 1947 501 2013 continet
520 1945 701 2012 Obronicon
717 1945 785 2012 eius
800 1946 1002 2029 recensionis,
1025 1968 1121 2030 quam
1141 1947 1182 2013 G.
1197 1948 1305 2014 Waite

185 2040 211 2103 b.
242 2059 285 2102 m.
320 2037 406 2102 inter
441 2057 537 2118 opera
570 2034 763 2100 Elelebardi
795 2035 1007 2118 Urauaiensie
1039 2035 1095 2101 Β*
1132 2035 1302 2120 11911111ίῖ,

186 2127 326 2206 Fmrtolfi
368 2123 511 2190 mdelieet
552 2122 756 2191 Obronicon³
795 2123 903 2189 multis
944 2124 1170 2190 additamentis
1212 2132 1304 2207 atque

153 2213 435 2281 1000ntinuatione
464 2236 495 2279 a.
523 2217 750 2278 1101-1106.
782 2219 811 2278 et
838 2213 1082 2279 Continuatione
1111 2213 1304 2280 Elbebardi

186 2308 452 2384 duobusque
476 2304 520 2368 ad
542 2323 571 2366 a.
592 2307 686 2367 1125.
706 2307 846 2384 auctum,
878 2303 1001 2384 qualem
1030 2302 1150 2368 codices
1177 2309 1301 2369 4-11.

187 2393 334 2458 editionis
355 2391 561 2457 Walteianae
584 2411 712 2472 opernm
734 2391 923 2456 Elbebardi
943 2393 1099 2473 praebent
1107 2393 1127 2456 ⁴.
1177 2392 1242 2458 Sed
1266 2392 1303 2458 in

187 2481 242 2548 bac
269 2481 351 2546 libro
380 2480 506 2546 Montis
534 2481 568 2545 S.
590 2479 679 2544 Petri
707 2481 808 2545 multa
836 2479 905 2544 alia
934 2479 1151 2546 additamenta
1179 2481 1302 2547 inserta

186 2577 267 2650 nint,
291 2576 320 2636 et
343 2569 497 2652 puraque
519 2589 558 2634 ea
580 2568 747 2651 Lamperti
769 2569 952 2633 Annalibus
981 2575 1113 2650 innupta,
1145 2570 1303 2651 descripta

154 2680 223 2724 aaa
252 2659 355 2725 codice
384 2657 517 2740 antiquo
546 2656 672 2722 Montis
702 2658 736 2722 S.
760 2657 850 2722 Petri
879 2657 1066 2740 deperdito⁵,
1097 2679 1135 2723 en
1164 2678 1224 2740 quo
1254 2679 1302 2724 ea·-

187 2753 290 2830 cerpta
306 2746 421 2813 codicis
436 2745 750 2826 Pommersfeldensie
763 2746 910 2828 profecta
925 2767 990 2811 esse
1008 2767 1107 2828 supra
1120 2768 1156 2828 p.
1175 2753 1204 2810 3.
1221 2747 1301 2828 diui,

186 2843 249 2900 tum
272 2836 341 2901 alia
364 2857 401 2900 ea
424 2834 523 2901 Libro
539 2835 732 2918 pontificali,
757 2855 795 2900 eu
821 2834 948 2900 Otblobi
970 2835 1045 2900 Vita
1066 2834 1240 2918 Bonifatii,
1265 2857 1304 2901 en

186 2925 369 2990 Animalibus
390 2922 839 3006 Wirmbura.·M09untinis⁶‚
864 2923 920 3005 qui
941 2923 979 2989 in
1003 2923 1141 2990 Oronica
1162 2926 1195 2990 S.
1213 2923 1303 2990 Petri

187 3015 337 3078 meduna
365 3036 396 3078 a.
420 3017 653 3077 1072—1101.
684 3011 834 3094 asserenti
863 3019 944 3093 sunt,
975 3019 1109 3094 sunnila.
1155 3013 1303 3094 Denique

155 3127 178 3165 n
187 3102 279 3167 etiam
302 3101 448 3167 monachi
463 3100 589 3167 Montis
606 3102 639 3166 S.
656 3101 747 3166 Petri
766 3103 922 3183 quemdam
937 3103 981 3166 ad
995 3101 1151 3167 ciuitatem
1166 3102 1302 3183 Erubes

187 3191 358 3269 fumonem
380 3197 409 3256 ct
430 3213 522 3256 suum
544 3189 772 3255 monasterinm
794 3188 968 3271 mutantia
983 3189 1178 3256 addiderunt
1188 3191 1207 3271 ⁷,
1231 3211 1302 3273 auo·

189 3301 256 3346 rum
278 3283 435 3362 quaedam
454 3275 527 3346 ‘eum
543 3279 769 3345 additamentis
788 3277 825 3344 in
840 3277 997 3344 codicibus
1012 3278 1193 3344 Annalium
1208 3279 1303 3343 Lam

183 3368 493 3523 idrniieniirnquuo
521 3367 577 3433 illo
604 3367 869 3449 Erubesfurtensi
891 3367 1047 3449 profectis
1076 3369 1302 3450 quodannnado

155 3649 214 3716 111)
231 3649 304 3712 Quod
318 3650 452 3718 probatur
469 3648 588 3702 versibus
605 3648 627 3712 f.
641 3651 667 3704 1.
685 3650 803 3716 seriptis,
822 3648 946 3700 ‘Arabio’
962 3648 1025 3716 VII,
1043 3667 1071 3717 p.
1084 3651 1145 3705 506.
1164 3649 1259 3702 editis:

343 3719 385 3774 De
402 3724 482 3788 petra
499 3717 589 3772 dictus
606 3718 714 3786 Petrus,
732 3717 777 3772 hio
796 3718 866 3772 liber
884 3723 924 3771 eet
942 3717 993 3772 tibi
1010 3719 1134 3789 scriptus.

342 3789 592 3859 Erpheeturdeneee
610 3789 666 3842 eint
682 3789 850 3858 proprietate
868 3788 999 3843 staentes.

343 3861 426 3916 clave
444 3860 522 3916 Petri
541 3862 648 3914 clausus
666 3859 703 3912 sit
720 3861 817 3914 tollere
835 3861 915 3914 illum
932 3861 1100 3917 maledictus.

187 3933 213 3999 a)
236 3933 283 3986 SS.
303 3933 358 3998 VI,
378 3951 408 4001 p.
430 3936 478 4000 14,
504 3933 554 3985 ubi
578 3934 622 3985 lu‘a
646 3933 726 3985 oodea
750 3947 861 3984 maruno
885 3935 902 3988 5
926 3936 1050 3999 danatm
1074 3939 1118 3988 ur.
1214 3935 1241 4000 3)
1258 3933 1302 3998 Gt.

156 4003 222 4056 1011.
238 4005 376 4071 Βναείαιι,
399 4005 443 4060 ‘N.
462 4004 575 4057 Arabiv'
593 4003 674 4070 XXI,
694 4020 724 4070 p.
739 4006 790 4060 198
803 4019 859 4072 sqq.
965 4006 993 4072 4)
1019 4005 1105 4069 Quam
1130 4006 1303 4057 resarcionem

189 4074 400 4129 Suarweeuem
418 4076 503 4130 debere
516 4082 600 4144 pnes,
619 4091 679 4128 cum
691 4075 791 4142 reliqui
807 4079 864 4128 mure
875 4075 972 4130 cedias
987 4076 1300 4144 pincenariorum,

189 4147 265 4199 wdeu
277 4147 377 4200 Montis
388 4148 416 4202 S.
426 4147 503 4200 Petri
513 4163 597 4198 nuum
609 4148 703 4200 saltem
714 4162 807 4200 aarum
819 4147 1029 4200 additamentum
1041 4149 1138 4202 (1815.
1147 4147 1302 4215 prmbeant.

189 4217 226 4268 De
242 4218 325 4270 codice
342 4217 644 4271 Reinbardsbrmnnmst
660 4235 693 4270 ea
711 4218 759 4270 noc
777 4217 943 4282 Erfndensr’
959 4219 1088 4285 dumata
1109 4219 1166 4270 aide
1184 4219 1228 4270 (Ν.
1246 4219 1303 4270 Ar·

189 4288 255 4341 ebia'
273 4289 339 4354 XX,
353 4307 383 4358 p.
398 4291 451 4346 618
462 4306 501 4357 eq.
574 4291 602 4358 5)
622 4290 664 4353 Cf.
678 4289 720 4344 (Ν.
733 4290 850 4342 Arcbiu'
862 4289 944 4353 XIX,
961 4308 988 4358 p.
1004 4291 1145 4350 150.159,·
1163 4289 1305 4358 Lampsili

159 4369 265 4426 monna
280 4379 308 4430 p,
322 4369 349 4410 1.
363 4369 427 4410 mx.
495 4361 523 4430 6)
541 4361 576 4415 Α.
591 4361 668 4415 1078.
683 4362 760 4416 1081.
774 4363 852 4416 1088.
916 4361 943 4429 ’1)
955 4362 989 4416 A.
1000 4363 1060 4416 706.
1073 4362 1134 4416 836.
1148 4362 1302 4416 8561019.
