3188 4990
234 585 402 642 csomcs
415 585 444 644 S.
454 585 571 643 PETRI
582 586 845 644 samosatam
856 587 947 645 MOD.
965 589 1002 645 A.
1014 591 1179 646 12961294.
1225 593 1277 646 667

152 771 234 848 tis⁸;
251 771 344 835 unde
361 771 453 836 circa
467 772 598 836 testum
612 771 794 837 Michaelis
810 793 871 856 pro
887 773 1007 837 eadem
1024 792 1128 837 causa
1143 771 1276 857 legatos
1287 750 1384 870 33429

154 860 199 924 od
223 861 353 924 curiam
378 861 546 926 miserunt
557 859 578 922 1.

261 941 383 1013 Annob
417 948 558 1013 Domini
592 947 844 1014 MOOXOIIII.
883 949 971 1014 foria
1009 949 1160 1014 secunda
1198 953 1357 1033 postam.

153 1039 281 1102 festum
311 1037 545 1122 apostolorum
568 1037 664 1102 Petri
695 1042 730 1103 et
752 1037 864 1116 Pauli,
889 1037 1094 1121 quibusdam
1125 1039 1276 1102 cardina·

118 1126 239 1189 alium
262 1147 325 1210 pro
348 1126 554 1210 quibusdam
576 1127 729 1210 negociis
761 1126 1045 1192 convenientibus
1055 1128 1076 1204 ²,
1102 1147 1143 1192 ex
1166 1127 1276 1212 inpro-

153 1216 225 1280 viso
250 1218 328 1280 orta
350 1216 443 1279 tristi
467 1217 711 1298 conquestione
737 1217 779 1280 de
796 1217 984 1300 dampnosa
1006 1216 1162 1281 vacantis
1185 1216 1276 1281 sedis

154 1303 342 1388 apostolice
377 1305 621 1383 destitucione,
657 1305 773 1370 subito
808 1305 917 1370 divini
955 1305 1110 1389 spiritus,
1147 1304 1206 1388 qui
1240 1308 1276 1370 et

154 1393 292 1476 quando
309 1397 344 1458 et
360 1394 421 1458 ubi
436 1393 513 1457 vult
528 1394 646 1478 spirat,
670 1397 711 1458 ut
727 1393 888 1471 creditur,
912 1393 1142 1477 inspiracione
1158 1413 1276 1459 omnes
1286 1415 1334 1460 aa.
1344 1417 1392 1466 aa

154 1481 355 1560 cardinales,
373 1485 445 1545 tam
464 1486 642 1566 presentes
659 1503 761 1566 quam
777 1483 946 1560 absentes,
964 1487 1146 1567 postquam
1160 1483 1275 1548 vocati

116 1575 335 1648 sevenerunt,
360 1571 396 1634 in
421 1571 628 1636 eleccionem
651 1571 748 1636 Petri
778 1572 864 1636 dicti
887 1572 930 1636 de
953 1571 1085 1650 Moron,
1110 1572 1202 1656 nigri
1226 1592 1275 1636 or·

153 1660 244 1723 dinis
275 1660 452 1736 heremite,
476 1661 687 1725 unanimiter
717 1664 976 1726 consenserunt.
1022 1660 1076 1725 De
1099 1681 1167 1744 quo
1197 1681 1275 1724 cum

152 1747 265 1812 multa
286 1748 525 1814 memorabilia
547 1753 584 1813 et
599 1768 686 1832 pene
709 1749 927 1814 incredibilia
948 1749 1116 1827 ferantur,
1141 1749 1207 1814 hoc
1231 1750 1275 1814 ad

153 1856 292 1920 presens
316 1838 358 1901 de
375 1857 415 1902 eo
431 1838 556 1902 dixisse
572 1837 734 1916 sufficiat,
758 1838 851 1921 quod
866 1837 930 1900 XL
946 1839 1045 1902 aunis
1068 1841 1104 1902 et
1126 1837 1275 1922 amplius

153 1946 287 2010 semper
319 1926 419 1991 stetit
448 1927 484 1989 in
514 1928 654 1991 heremo
683 1927 721 1990 in
744 1927 893 2010 quodam
917 1927 1052 1991 deserto
1076 1926 1217 1991 monte8
1237 1927 1274 1990 in

114 2035 143 2076 sc
153 2013 290 2099 Apulia.
338 2013 486 2080 Centum
521 2015 662 2080 domus⁰
697 2015 827 2079 ordinis
861 2015 946 2091 sui⁴‚
978 2035 1043 2098 que
1073 2015 1110 2078 in
1143 2015 1274 2100 optimo

152 2108 234 2168 sunt
261 2107 365 2179 statu,
391 2105 593 2182 construxit,
618 2103 774 2187 quolibet
801 2124 892 2168 anno
923 2103 1033 2166 lIIIor
1059 2103 1274 2186 quadragesi·

152 2212 225 2257 mas
255 2193 293 2256 in
316 2213 405 2276 pane
436 2196 471 2258 et
495 2213 584 2276 aqua
613 2197 648 2258 et
671 2193 744 2276 iugi
768 2192 909 2257 silencio
932 2192 1028 2268 fecit,
1053 2191 1272 2276 asperrimam

152 2282 261 2344 vitam
282 2281 393 2345 instar
408 2283 628 2364 antiquorum
646 2285 780 2366 patrum
800 2282 908 2358 duxit,
933 2281 1019 2346 adeo
1042 2285 1084 2344 ut
1106 2281 1275 2345 nonnulla

152 2371 251 2454 signa
278 2390 341 2454 per
370 2391 448 2434 eum
477 2372 552 2435 visa
580 2365 758 2435 fueruntd.
806 2370 933 2434 Verum
964 2374 1042 2455 post
1069 2370 1272 2434 electionem

113 2479 249 2522 sosuam
272 2459 384 2524 missis
413 2460 458 2524 ad
488 2481 524 2524 se
555 2480 632 2524 cum
657 2460 796 2524 decreto
819 2458 932 2524 tribus
955 2459 1189 2524 cardinalibus
1212 2477 1273 2544 per

153 2548 225 2613 dies
249 2548 446 2630 quindecim
468 2570 540 2612 non
561 2547 770 2632 responditl,
795 2551 874 2633 post
897 2569 982 2632 quos
1004 2549 1119 2613 iussu⁰
1141 2549 1195 2612 sui
1217 2547 1272 2612 ab·

152 2636 266 2701 batis⁶
295 2640 434 2721 recepto
465 2637 604 2702 decreto
634 2637 814 2702 humiliter
844 2637 1027 2710 consensit,
1059 2658 1205 2721 moxque
1237 2657 1273 2702 se

152 2726 194 2789 de
218 2725 377 2790 omnibus
401 2726 773 2791 amministracionibus
796 2730 944 2810 papatus
967 2727 1201 2791 intromittens
1225 2745 1272 2791 se·

151 2834 217 2897 que
240 2814 277 2878 in
301 2818 423 2880 octava
446 2814 716 2900 essumpcionis⁷
737 2818 858 2880 contra
880 2814 1095 2880 voluntatem
1120 2815 1383 2884 cardina-roos.

112 2903 236 2966 solium
267 2903 304 2967 in
326 2904 454 2987 Aquila
483 2904 520 2967 in
550 2925 656 2988 regno
687 2903 804 2969 Sicilie
835 2904 991 2968 coronari
1020 2904 1161 2981 faciens,
1194 2923 1272 2967 cum

151 2991 355 3057 miserabilis
386 2996 476 3058 esset
505 2991 542 3056 in
570 3013 724 3077 persona,
749 2993 873 3056 surdus
896 2992 1113 3076 multumque
1138 2991 1270 3069 debilis,

150 3083 273 3163 utpote
308 3082 563 3165 octogenarius,
599 3084 635 3146 et
673 3085 790 3146 tamen
825 3082 942 3145 omnia
976 3083 1019 3146 de
1054 3081 1272 3165 plenitudine

150 3171 332 3253 potestatis
355 3170 473 3234 invitis
490 3171 539 3235 eis
554 3170 695 3247 faceret,
720 3171 812 3256 ipsos
836 3169 1027 3235 cardinales
1050 3169 1273 3234 vehementer

149 3251 208 3321 inf
234 3259 287 3322 sui
310 3260 416 3323 vertit
437 3260 597 3324 timorem
621 3259 751 3343 pariter
774 3262 810 3324 et
834 3263 1019 3343 stuporem.
1067 3257 1141 3322 Iter
1164 3258 1271 3323 eciam

111 3347 273 3412 sosedena
296 3347 415 3412 asinoss
440 3347 602 3427 faciebat,
627 3349 746 3412 vinum
775 3368 845 3412 non
873 3350 1026 3432 gustans,
1051 3367 1176 3430 panem
1198 3350 1272 3409 tan·

149 3441 235 3514 tum,
260 3436 359 3500 fabas
389 3439 425 3502 et
454 3437 587 3502 radices
616 3437 839 3514 manducans,
863 3437 1017 3500 interra
1039 3436 1134 3499 nuda
1156 3435 1272 3499 iacens

148 3527 350 3609 sextamque
373 3525 495 3591 feriam
519 3529 687 3610 perpetuo
710 3525 852 3591 silencio
872 3525 1044 3590 dedicans.
1084 3523 1185 3589 Unde
1201 3543 1271 3608 spe·

150 3613 293 3678 rebatur
309 3614 441 3680 'Deum
465 3635 527 3699 per
549 3616 663 3699 ipsum
687 3635 746 3679 sue
771 3614 914 3679 ecclesie
937 3613 1164 3698 provisurum.
1203 3611 1272 3677 Sed
1283 3631 1312 3681 ‘s
1320 3633 1373 3677 soc.

150 3723 171 3766 o
193 3702 323 3767 iudicia
346 3702 488 3768 Domini
511 3704 643 3768 abissus
667 3703 792 3767 multa!
840 3702 916 3767 Hec
940 3703 1032 3768 enim
1055 3721 1132 3785 spes
1155 3701 1272 3765 subito
1282 3721 1387 3772 mun.

109 3895 138 3934 86
147 3891 170 3942 s)
183 3895 214 3932 sic
227 3893 259 3942 B,·
273 3894 358 3945 inultis,
373 3895 447 3935 ecdem
462 3907 529 3934 massus
542 3907 648 3945 supsrscr.
662 3895 730 3935 mutis
745 3896 768 3944 13
784 3891 896 3943 arphad.
911 3913 938 3922 -
952 3892 1017 3934 llicit.
1032 3902 1073 3934 oss.
1086 3890 1147 3942 Μ,
1166 3902 1210 3940 pro
1224 3892 1271 3941 φα·

148 3947 187 3985 cus
201 3951 231 3986 el.
286 3947 309 3995 b)
323 3947 376 3986 saec
389 3969 415 3977 -
424 3959 450 3997 p.
463 3949 510 3998 606,
525 3949 540 3991 l.
553 3951 573 3992 li.
586 3961 629 3988 om.
644 3947 669 3991 Ε.
731 3949 752 3994 ο)
766 3947 841 3987 domos
856 3947 882 3990 R.
937 3943 961 3996 (l)
974 3947 1006 3984 cs'c
1020 3948 1040 3984 1.
1055 3945 1082 3988 R.
1136 3945 1157 3996 c)
1171 3945 1206 3984 sul
1220 3945 1271 3988 sbb.

149 4001 209 4040 iussu
224 4001 251 4043 B.
305 4001 405 4050 orariis
418 4002 442 4041 in
455 4001 490 4041 sul
505 4003 532 4044 B.
585 4002 609 4053 g)
623 4003 654 4041 ss'c
667 4003 699 4049 R,-
713 4001 777 4042 ulna
792 4003 812 4040 1.

149 4143 176 4209 1)
198 4143 241 4205 Cf.
260 4147 351 4195 cartae
371 4143 452 4195 datas
469 4159 495 4199 α.
511 4145 588 4200 1294.
607 4143 674 4197 Noc.
689 4145 730 4198 18.
743 4145 788 4209 22,
808 4141 902 4208 chcr,
924 4141 992 4194 ‘Ua
1011 4139 1036 4194 d.
1055 4141 1095 4196 st,
1110 4138 1228 4205 Erfun'
1245 4141 1269 4206 I,

145 4229 173 4278 p.
187 4215 240 4268 299
253 4229 301 4279 so,
320 4230 363 4267 nr.
376 4215 438 4269 437.
451 4216 512 4270 438.
579 4217 607 4281 2)
626 4214 744 4269 Perucs'i.
816 4213 845 4282 8)
863 4213 990 4265 Morrom
1006 4227 1089 4280 prope
1110 4213 1270 4265 Sulmonem.

108 4283 199 4336 soSed
217 4283 311 4335 snalts's
336 4285 399 4336 ais's'e
424 4285 488 4338 locis
512 4286 609 4338 Petrus
633 4291 756 4338 mactus
780 4291 825 4338 cst.
864 4284 904 4348 Of.
926 4285 958 4338 (ἰ.
978 4283 1122 4348 Celsllosss'o,
1142 4285 1218 4335 ‘Vite
1242 4285 1273 4335 ἀι·

148 4355 176 4408 S.
185 4353 277 4408 Paos
289 4355 331 4406 dcl
342 4356 483 4409 Mos-rone'
495 4357 638 4421 (Sulmone
652 4358 735 4422 1896)
748 4357 787 4418 ΙΙ,
803 4371 832 4422 p.
842 4355 886 4409 88.
899 4358 1044 4421 είραεείηι.
1098 4357 1126 4423 4)
1143 4351 1271 4407 XXXVI

149 4425 218 4492 loca,
231 4432 261 4477 stt
273 4426 372 4479 dicitur
384 4429 416 4478 s'ss
428 4427 490 4480 Vsa
502 4430 560 4480 eiua
571 4427 641 4494 ι826,
654 4427 783 4482 Analecta
796 4427 920 4480 Bolland.
933 4426 986 4492 IX,
1002 4442 1031 4492 p.
1043 4427 1102 4481 167.
1158 4427 1185 4492 ὁ)
1199 4425 1272 4476 Haec

148 4499 271 4563 wiricus
295 4513 328 4550 cc
346 4498 408 4549 Vite
427 4499 484 4551 εἰπε
507 4501 656 4564 mascripm
674 4515 692 4550 α
712 4498 805 4550 Iacobo
823 4497 966 4563 cardinali,
986 4497 1133 4562 Merctor,
1153 4495 1200 4548 SS.
1215 4495 1271 4560 III,

145 4585 173 4636 p.
189 4570 250 4622 616.
269 4569 369 4635 cresc.
387 4571 448 4624 638.
503 4571 530 4638 6)
551 4569 688 4636 Orsuptrs's'
704 4569 736 4622 dc
755 4570 853 4624 Coma.
926 4572 953 4636 7)
971 4569 1065 4621 Potius
1082 4568 1125 4620 die
1143 4568 1214 4631 Aac.
1227 4569 1271 4620 29.

1003 4671 1056 4729 20*
