3162 5022
274 467 441 524 ORONIOA
453 467 484 544 S,
491 466 606 524 Pilum
619 466 880 524 monendam
892 466 983 526 Mon.
1002 468 1037 525 A.
1048 471 1125 526 laos.
1137 470 1213 525 taor.
1250 471 1301 526 257

186 652 288 716 armis
318 655 352 716 et
383 652 579 729 dextrariis;
612 654 647 716 et
670 651 846 736 proiectus
868 653 964 717 venit
993 653 1030 717 in
1052 656 1180 717 terram
1204 653 1388 718 ducis1266.

185 744 220 805 et
249 740 368 804 multis
398 740 654 805 calamitatibus
684 741 854 824 oppressit
884 761 969 820 eam,
1001 746 1037 806 et
1071 743 1226 826 pervenit
1255 742 1300 806 ad

184 829 350 894 famosam
381 829 556 895 civitatem
584 829 819 913 Ratisponam,
851 834 887 896 et
916 829 1009 894 ultra
1039 831 1198 916 progredi
1229 852 1299 895 non

182 917 309 996 valens,
335 919 379 982 ad
395 919 539 1055 lpropria
562 937 717 983 reversus
740 921 802 984 est.

155 1010 168 1049 s
287 1002 371 1055 Anno
423 1001 506 1054 ommi
527 1000 725 1056 nccnxvu.
762 999 850 1055 crum
876 1001 977 1072 signati
1003 1006 1067 1056 sunt
1092 1003 1122 1056 sn
1148 986 1406 1080 aeternamm·-

183 1071 267 1126 Terre
286 1071 388 1127 Sancte
405 1071 567 1132 Ludewicua
592 1089 642 1126 rex
659 1071 784 1141 Francia,
806 1089 855 1126 rex
873 1071 984 1143 Augila,
1001 1090 1051 1128 rex
1069 1073 1232 1143 Arragouie,
1250 1091 1300 1126 rex
1362 1073 1367 1084 '
1389 1072 1395 1084 '

183 1141 316 1210 Nauaris,
335 1160 384 1196 rex
402 1142 502 1211 Sicilie,
529 1159 620 1197 comes
644 1142 730 1196 irater
747 1143 819 1214 regis
838 1143 954 1198 Francia
973 1147 1001 1198 et
1018 1143 1069 1198 filii
1086 1143 1158 1216 regis
1175 1143 1299 1211 thanais,

183 1215 401 1282 archiepiscopus
418 1213 648 1284 Rothomagensis
673 1213 831 1268 etmulti
856 1215 902 1268 alii
920 1215 1032 1269 comites
1050 1219 1079 1270 et
1096 1215 1210 1283 nobiles,
1228 1216 1299 1269 mili-

183 1290 223 1338 tes
249 1289 277 1339 et
301 1284 372 1339 cives
398 1301 429 1339 ac
447 1285 595 1339 virorum
612 1285 793 1339 bellatorum
818 1286 905 1339 multa
922 1286 1006 1342 milia.
1113 1286 1189 1341 Hoc
1208 1302 1299 1340 anuo

148 1356 239 1410 iovite
264 1356 428 1410 venerabilis
453 1354 560 1410 ducissa
585 1355 652 1408 olim
677 1355 793 1409 Polonie
817 1356 981 1427 Hedwigis⁸
1003 1356 1091 1411 felici
1117 1357 1232 1411 transitu
1259 1374 1300 1411 ex

182 1426 247 1480 hac
274 1428 354 1482 luce
382 1426 584 1538 migravit&
612 1424 698 1496 quel)
729 1426 854 1495 plurimis
884 1428 1098 1482 miraculorume
1130 1427 1300 1496 resplenduit

80 1497 327 1568 ·9.aos.prodigiis;
355 1497 426 1551 hanc
469 1496 607 1552 *Clemens
631 1514 704 1566 papa
730 1498 898 1552 canonizavit
924 1498 977 1553 boc
1004 1516 1075 1553 anno
1103 1504 1130 1553 et
1155 1499 1299 1569 cathalogo

182 1573 337 1623 sanctorum
355 1567 497 1637 asscripsit.
535 1568 618 1622 Onius
636 1569 781 1622 translacio
799 1585 849 1637 per
867 1569 1033 1624 cardinalem
1052 1569 1208 1638 Widonem,
1227 1571 1300 1640 lega·

183 1643 261 1693 cume
288 1639 359 1694 sedis
384 1639 541 1708 apostolice,
566 1657 629 1693 cum
652 1657 774 1710 magna
796 1639 992 1695 multitudines
1013 1641 1136 1695 fidelium
1160 1641 1300 1709 utriusque

148 1718 173 1757 1⁶
182 1727 260 1765 sexus
277 1715 336 1764 tam
353 1710 544 1780 religiosorum
562 1727 644 1778 quam
670 1711 776 1764 eciamt
797 1711 959 1764 secularium
984 1712 1013 1765 iu
1032 1712 1202 1781 *episcopatu
1221 1713 1400 1772 Wra··r.nt‘.

182 1780 362 1836 deslaviensih
387 1781 578 1836 celebrata
596 1785 636 1835 est
648 1779 715 1837 VII.
728 1780 792 1836 Kal.
806 1781 1007 1850 Septembrisi.
1037 1782 1099 1838 Hec
1117 1787 1211 1837 sancta
1222 1783 1299 1837 Hed-

182 1853 258 1923 wigr's
275 1852 329 1906 fuit
346 1856 495 1906 matertera
513 1855 605 1906 sancte
623 1851 765 1906 Elisabeth
784 1852 818 1906 de
837 1851 1024 1907 Maroburehk
1045 1870 1077 1907 ac
1095 1853 1164 1907 Bele
1189 1853 1300 1908 illustris

182 1925 253 1994 regia
270 1922 394 1993 Ungarie
412 1923 518 1992 fuitque
530 1927 619 1976 mater
630 1922 728 1976 famosi
740 1922 866 1977 Heinrici
884 1923 960 1977 ducis
971 1922 1094 1991 Polonie,
1113 1942 1194 1992 quem
1213 1929 1299 1978 stren-

182 2011 234 2049 nue
252 1999 422 2064 pugnantem
445 2011 496 2063 pro
521 1994 612 2062 patria
636 1998 718 2062 atque
735 2011 786 2062 pro
804 1992 925 2063 populol
950 1994 1104 2048 Christiano
1123 1995 1152 2049 in
1170 1995 1300 2050 conflictu

146 2083 173 2122 eo
181 2065 288 2119 Tartari
305 2066 472 2121 occiderunt.
499 2065 562 2119 Hec
578 2068 672 2118 sancta
683 2064 826 2134 Hedwigia
845 2065 965 2120 fueratm
977 2065 1034 2120 filia
1052 2066 1128 2120 ducis
1146 2066 1181 2121 de
1192 2065 1299 2122 Mareu.

182 2143 263 2226 Ipso
292 2163 383 2206 anno
409 2143 479 2206 tuit
508 2143 628 2226 hyems
658 2143 744 2206 dura
774 2146 809 2205 et
838 2143 928 2206 sicca
956 2145 991 2206 et
1021 2146 1111 2207 estas
1141 2143 1300 2208 similiter
1310 2152 1388 2206 1267.

181 2231 283 2295 nimis
302 2230 415 2295 calida
438 2233 473 2295 eh
495 2230 595 2295 sicca.
685 2241 818 2296 Eodem
837 2258 927 2296 anno
946 2242 1018 2311 apud
1038 2243 1181 2298 Coloniam
1198 2244 1300 2315 Agrip-

179 2315 274 2384 pinam
292 2315 321 2367 in
340 2313 457 2368 crastino
475 2317 601 2368 sancte
619 2313 751 2368 Lucie¹¹
767 2312 796 2366 in
814 2313 901 2382 prelio
920 2314 1022 2383 captivi
1040 2314 1114 2369 ducti
1132 2319 1196 2369 sunt
1213 2315 1299 2370 archi·

181 2404 323 2472 episeopus
346 2401 513 2456 Coloniensis
537 2389 778 2474 EngelbertUS,
810 2402 951 2471 episcopus
975 2400 1216 2472 Puderburneusis,
1242 2404 1298 2473 epi·

146 2489 172 2528 aa
181 2491 277 2542 scopus
295 2473 516 2544 osnaburgensis,
541 2474 629 2527 maior
654 2474 808 2542 prepositus
826 2472 989 2544 Magantins
1015 2475 1135 2543 ecclesie,
1161 2474 1293 2530 comites0

180 2544 271 2614 plures
290 2547 318 2599 et
336 2545 382 2598 alii
400 2545 504 2599 nobiles
523 2549 605 2612 atque
623 2544 669 2597 alii
687 2544 786 2598 armati
803 2544 904 2598 milites
923 2549 957 2598 et
976 2545 1104 2615 mmigeri
1122 2546 1195 2600 ultra
1212 2547 1296 2615 mille,

181 2615 228 2670 sed
252 2621 363 2670 centum
388 2619 416 2671 et
439 2615 637 2686 quinquaginta
660 2615 763 2670 ibidem
789 2615 869 2670 occisi
886 2620 957 2683 suut,
977 2617 1077 2670 comite
1095 2617 1130 2672 de
1147 2617 1251 2672 luliaco
1269 2625 1298 2672 et

182 2687 284 2741 civibus
303 2686 508 2740 coloniensibus
526 2703 558 2740 ao
575 2686 668 2739 multis
686 2685 823 2741 nobilibus
841 2689 870 2740 et
888 2687 1021 2756 episcopis
1039 2688 1184 2743 victoriose
1202 2689 1296 2742 bium-

180 2758 328 2827 phantibus
346 2757 380 2812 de
397 2757 505 2826 prefato
524 2757 728 2826 archiepiscopo
755 2761 783 2810 et
801 2757 934 2826 episcopia
952 2758 1109 2813 memoratis
1127 2777 1158 2814 ac
1176 2760 1296 2828 ipsorum

146 2829 354 2896 soexercitibus,
372 2844 440 2896 quos
459 2832 577 2881 armatos
594 2829 704 2896 plures
723 2844 805 2895 quam
823 2827 900 2883 mille
919 2829 1041 2897 captivos
1057 2830 1087 2883 in
1104 2830 1152 2884 illo
1168 2830 1297 2886 conflictu

181 2900 325 2955 duxerunt.
361 2897 394 2952 In
423 2903 512 2952 castro
530 2897 673 2952 Nideckel)
695 2899 787 2967 plures
816 2915 850 2952 ex
876 2899 942 2967 ipsis
966 2899 1002 2953 in
1027 2901 1142 2955 vinculis
1166 2900 1296 2955 detenti

181 2975 271 3030 aunt,
390 2969 522 3024 Eodem
553 2985 645 3022 auno
676 2968 749 3022 inira
778 2969 1007 3038 assumptionem
1037 2971 1155 3041 gloriose
1184 2971 1297 3042 virginis

180 3040 270 3096 Maria
281 3045 398 3109 quatuor
414 3041 494 3111 gnari
511 3041 594 3094 maris
613 3056 629 3093 a
646 3044 728 3108 portu
739 3039 879 3094 Rodestoc
896 3041 1057 3112 navigantes
1075 3043 1229 3097 eduxerunt
1245 3059 1296 3111 pro

179 3112 306 3167 mercede
330 3111 439 3166 nautica
463 3111 516 3165 XL
541 3111 699 3166 meretrices
724 3128 816 3164 versus
834 3108 943 3166 Schone
966 3113 994 3166 in
1012 3112 1133 3181 Daciam,
1156 3113 1296 3181 cupientes

144 3184 219 3242 anibi
243 3184 272 3237 in
297 3187 410 3252 captura
432 3183 548 3237 allecum
573 3197 634 3236 suaa
658 3181 805 3250 spurcicias
829 3199 965 3237 exercere.
1002 3182 1055 3252 Qui
1078 3201 1142 3238 oum
1158 3183 1297 3238 venissent

180 3271 262 3323 super
286 3254 371 3307 altum
396 3254 518 3324 pelagus,
543 3251 628 3306 flante
653 3253 697 3305 ira
714 3253 766 3306 Dei
791 3255 895 3322 operuit
920 3271 962 3308 eos
985 3271 1068 3321 mare,
1086 3257 1217 3308 sameas
1232 3263 1296 3308 asum

179 3329 259 3394 quam
277 3326 416 3394 plumbum
439 3327 470 3377 s'm
495 3328 574 3392 cquis
598 3325 795 3378 summatibus
832 3322 947 3378 Omnes
971 3342 1058 3380 vero
1077 3325 1162 3380 alies
1184 3341 1294 3393 naves,

179 3413 233 3466 que
245 3413 307 3450 cum
320 3396 358 3450 sis
369 3395 545 3465 navigabant,
564 3393 719 3463 apericulis
731 3394 863 3448 marinis
879 3396 973 3465 gracia
990 3395 1042 3449 Dei
1060 3397 1188 3451 liberate
1204 3401 1294 3452 suut.

284 3472 378 3535 In¹·²
399 3478 593 3535 Iherusalem
623 3478 655 3534 in
683 3477 801 3552 templo
823 3479 925 3535 sancti
947 3479 1105 3554 sepulchri
1127 3480 1168 3536 ad
1190 3481 1295 3537 introi·

142 3571 248 3634 satum
269 3568 369 3642 ipsius
391 3567 519 3625 ecclesie
542 3566 584 3623 ad
606 3564 786 3624 dexteram⁸
807 3569 857 3623 eet
872 3584 962 3625 mons
979 3566 1130 3641 Calvarie,
1153 3569 1207 3626 ubi
1229 3585 1295 3627 eru·

178 3771 200 3818 a)
215 3769 298 3811 &ncta
310 3769 440 3820 Eadawlgla
454 3770 497 3813 lul.
510 3768 573 3822 2⁸⁴¹¹3
594 3769 617 3812 S.
630 3769 659 3812 Η.
672 3779 723 3810 ven.
737 3769 784 3810 rita
798 3768 850 3809 oliui
864 3766 914 3812 duc.
928 3769 975 3814 Pol.
988 3766 1014 3808 2²³
1028 3772 1088 3818 (rsa.
1101 3790 1128 3800 -
1141 3769 1188 3812 Pol.
1201 3781 1243 3814 om.
1253 3769 1294 3823 2⁸).

178 3823 202 3873 b)
214 3823 245 3863 m'c
258 3824 291 3888 Ιζ,’
311 3823 351 3872 qul
365 3825 391 3876 13
413 3827 436 3863 et
449 3821 488 3874 2³3
509 3833 553 3873 qua
567 3843 593 3852 -
606 3821 714 3872 prodigiis
728 3833 768 3866 om.
783 3822 814 3865 2⁸.
882 3821 903 3874 c)
920 3822 987 3873 reapl.
1000 3823 1048 3866 mir.
1062 3822 1095 3864 ib.
1162 3821 1185 3872 d)
1199 3824 1255 3864 hano
1268 3846 1295 3854 -

178 3879 346 3973 uasta:
358 3875 417 3982 ’ἔξ
425 3875 717 3980 sullimitate
731 3873 896 3978 ,araus
905 3874 1018 3978 tamt
1029 3873 1217 3979 arana
1230 3879 1296 3972 tt:

143 3972 169 4013 ⁴⁶
178 3984 252 4024 una
265 3984 307 4023 ms
320 3983 367 4026 aa
381 3983 432 4026 sss.
445 3981 478 4023 aa.
527 3981 552 4034 ι)
566 3983 686 4033 uareourg
699 3983 731 4024 aa.
779 3981 796 4030 ι)
808 3982 883 4032 psam
896 3983 1022 4032 penusque
1036 3981 1093 4025 aas.
1142 3981 1173 4035 m)
1186 3985 1217 4023 su
1230 3985 1293 4037 asu

178 4037 222 4077 ruit
234 4039 253 4080 1.
310 4037 334 4088 n)
347 4037 378 4076 mu
392 4039 416 4088 ις
432 4037 506 4077 amoti
519 4036 580 4076 Luce
594 4037 630 4078 cr.
644 4035 698 4078 litu.
712 4035 770 4078 cont.
822 4036 845 4086 o)
859 4036 939 4076 comita
953 4038 973 4078 1.
1025 4035 1050 4087 p)
1063 4037 1094 4076 alc
1108 4036 1142 4084 N:
1155 4037 1262 4079 Flldecks
1276 4043 1294 4083 1.

178 4091 202 4142 q)
219 4089 258 4130 alil
271 4093 290 4132 1.
356 4088 377 4142 r)
394 4093 512 4140 aequm
525 4089 686 4140 descriptionem
700 4087 797 4128 locorum
810 4087 1058 4139 Hierosolmltouorum
1071 4090 1148 4130 bobert
1161 4093 1225 4131 atem
1238 4092 1260 4130 Ε
1275 4097 1295 4131 et

178 4144 236 4186 cont.
251 4143 325 4194 rana,
340 4143 375 4186 ‘D.
389 4141 447 4187 aar!
462 4143 496 4194 11,
513 4155 539 4194 p.
553 4143 594 4183 890
606 4153 638 4192 aq.
691 4140 712 4194 s)
725 4140 828 4182 dextram
840 4141 867 4186 Ε.

180 4302 207 4370 1)
224 4302 309 4356 Falso
326 4301 375 4356 boe
391 4301 513 4354 additum
531 4305 585 4364 aa·
608 4301 746 4368 Erumpo
763 4299 820 4353 iem
837 4303 956 4357 a.1244.
976 4301 1047 4358 obitu
1136 4301 1165 4370 2)
1181 4301 1294 4372 Sequere

145 4373 318 4442 ademptio
336 4374 451 4427 locorum
464 4387 605 4425 sacrorum
616 4389 675 4424 cum
686 4373 765 4425 nullu
779 4371 843 4440 aliu,
861 4373 932 4440 quod
942 4375 1033 4442 amm,
1051 4375 1181 4439 congruat
1210 4373 1295 4437 Quae-

179 4445 242 4496 dam
258 4446 408 4498 mmmuas'a
425 4444 502 4497 tatu
519 4458 579 4494 eum
595 4445 667 4496 addc
684 4443 718 4495 ot
736 4444 864 4512 Emcrdo,
883 4443 987 4514 Corpus
1004 4445 1051 4499 SS.
1065 4445 1105 4510 II,
1123 4459 1143 4498 c.
1157 4447 1226 4500 1345
1237 4459 1293 4512 sqq.

1045 4553 1079 4605 17
