3136 4990
289 442 317 498 S.
331 439 454 496 PETRI
473 439 733 501 ERPHESFURT,
747 439 979 496 AUCTARIUM
997 439 1143 496 ΕΚΚΕΗ.
1245 443 1280 496 27

161 619 294 675 chiliob
312 619 497 691 Mogontinae
516 618 621 674 civitati
638 620 759 688 prelatus
778 619 819 674 ob
838 618 1030 673 homicidium
1049 618 1168 687 palam
1187 601 1415 706 com-fflssf'ffhf'

160 693 302 747 missum
330 691 531 760 deponebatur.
576 691 638 760 Quo
669 690 793 759 deposito
821 695 930 743 sanctus
958 689 1116 743 Bonifacius
1143 707 1160 742 a
1187 707 1280 758 supra-

160 763 238 817 dictis
267 763 441 832 principibus
473 761 620 817 aecclesiae
648 761 867 828 Mogontiacensi
896 759 1045 830 preficitur.
1094 759 1132 814 nt
1162 765 1193 814 nt
1224 762 1279 814 eius

160 834 277 904 dignitas
309 833 475 888 eminentior
505 831 591 902 forst,
626 832 807 886 decreverunt
841 831 914 886 idem
949 832 1086 901 principes
1120 833 1280 886 aecclesiam

135 923 424 992 shlogontiscensem,
443 939 514 990 quae
532 922 607 990 prius
617 909 862 974 wormatiensi
881 921 1005 974 subiecta
1020 925 1087 988 erat,
1105 922 1280 990 metropolim

160 995 283 1048 omnium
309 995 338 1048 in
363 992 514 1048 Germania
538 993 731 1048 aecclesiarum
757 992 875 1060 efficere,
901 1009 1020 1061 moxque
1044 992 1182 1060 legatione
1207 992 1281 1046 facta

160 1083 228 1137 illud
246 1100 262 1135 a
283 1083 394 1152 presule
412 1083 563 1151 apostolico
584 1083 765 1151 inpetrsvere.
805 1070 855 1133 Hi
871 1073 986 1134 autem
1003 1073 1084 1132 sunt
1100 1070 1279 1153 pontifices

161 1159 386 1243 Mogontinae
410 1159 509 1236 sedis,
535 1164 719 1242 antequam
737 1159 1054 1242 archiepiscopatus
1069 1157 1156 1222 inibi
1173 1162 1278 1223 esset:

163 1249 342 1324 Crescens,
373 1249 546 1326 Marinus,
579 1248 789 1326 suffronius,
825 1247 1021 1320 Podardus,
1052 1246 1277 1324 Eutherius⁸,

131 1340 298 1403 uhureus
322 1340 461 1421 martyr,
486 1338 666 1414 Maximus,
692 1337 863 1414 Sidonius,
889 1337 1129 1420 sigemundus,
1154 1335 1280 1400 heode-

162 1429 294 1510 garius,
330 1426 530 1502 Becelinus,
567 1425 782 1503 Lanualdus,
819 1425 1032 1501 Laboaldus,
1068 1425 1277 1508 Rigibertus,

163 1515 343 1593 GerolduS,
376 1509 584 1580 Gewiliobd.
642 1515 735 1579 Huic
770 1518 910 1579 sanctus
941 1514 1142 1579 Bonifacius
1173 1515 1279 1578 archi·

162 1605 276 1689 episco
301 1625 342 1669 us
365 1603 558 1669 successit*

335 1687 481 1742 oDomini
498 1686 703 1743 DCCXLVIP.
730 1731 736 1743 .
763 1731 768 1743 .
796 1731 803 1744 .
828 1687 945 1742 Sanctus
965 1686 1124 1756 Wigbertus
1150 1686 1367 1758 migravitnamp.

131 1759 202 1814 read
219 1759 418 1814 Dominum.

268 1831 364 1901 [Anno
382 1829 494 1882 Domini
512 1829 657 1885 D00L110.
689 1827 822 1899 Pippinus
849 1874 854 1885 .
875 1869 908 1884 ..
934 1831 1056 1883 elevatus
1081 1835 1122 1882 est
1147 1828 1175 1882 in
1201 1829 1280 1900 regni

162 1902 259 1955 solium
278 1903 306 1955 in
326 1901 502 1956 Suessionum
521 1901 652 1971 civitate],
671 1905 700 1955 et
717 1900 857 1955 Hildricus
875 1918 926 1954 rex
950 1904 1106 1954 tonsoratus
1131 1901 1160 1954 in
1186 1917 1279 1954 mona-

162 1973 275 2026 sterium
294 1971 431 2026 mittitur²
432 2012 597 2028 .......

271 2044 365 2114 [Anno
383 2044 495 2097 Domini
515 2042 690 2112 Decuma]
726 2043 793 2097 Sthe
812 2043 900 2096 hanus
924 2061 995 2112 papa
1014 2043 1117 2097 electus
1136 2045 1279 2110 astatque

128 2115 281 2182 socom,
307 2120 336 2169 et
360 2113 449 2168 slter⁸
474 2113 639 2184 [Stephanus
664 2132 736 2183 papa
761 2061 873 2168 xdnus
900 2114 1043 2169 ordinatur
1067 2113 1191 2182 seditque
1217 2131 1278 2168 ann.

161 2187 290 2256 quinque,
309 2186 367 2240 dies
384 2184 517 2240 XXVIII
539 2226 545 2239 .

268 2258 352 2310 Anno
370 2257 523 2310 DominiD
547 2256 642 2312 OLW.
669 2297 676 2310 .
703 2301 708 2313 .
736 2300 742 2313 .
770 2256 897 2327 [Sanctus
922 2255 1087 2326 Bonifacius]
1114 2273 1176 2308 cum
1201 2256 1281 2310 sociis
1318 2261 1421 2309 canipe

163 2331 268 2399 [passus
288 2329 338 2397 est]
363 2344 435 2381 anno
453 2327 681 2398 peregrinationis
699 2345 764 2382 suae
782 2327 854 2382 xm
1290 2314 1448 2356 Arusrmr.

269 2400 362 2469 [Anno
386 2399 498 2453 Domini
521 2399 665 2455 DOOLX⁰.
692 2445 697 2455 .
726 2442 732 2455 .
759 2443 765 2455 .
793 2399 910 2454 Sanctus
936 2399 1083 2454 Othmarus
1108 2399 1137 2452 in
1163 2398 1279 2452 insulam
1290 2412 1346 2455 uas.

127 2505 231 2558 aequae
255 2488 357 2572 dicitur
375 2487 453 2542 Stein
470 2488 618 2560 relegatm]
638 2475 735 2541 XVI.
757 2476 836 2540 Kal.
859 2475 1059 2542 Decembris
1082 2487 1221 2558 [migrarit
1245 2487 1280 2541 ad

160 2559 493 2701 Domlfflhldldhomini
517 2629 688 2686 Douma
716 2669 723 2684 .
749 2675 755 2687 .
783 2674 788 2686 .
815 2631 938 2700 Corpore
962 2635 1119 2685 sanctorum
1145 2629 1280 2700 Gorgonii
1390 2687 1393 2694 ,

159 2701 280 2828 mugile
289 2701 463 2843 fflfflpi]
481 2720 545 2771 per
562 2697 753 2773 Rdtgangum
772 2703 944 2771 episcopum
969 2702 1014 2773 [de
1032 2702 1123 2757 Roma
1147 2703 1279 2756 translate
1291 2717 1368 2765 Lamp.

129 2952 153 2990 so
270 2935 297 3000 *)
312 2935 346 2986 In
359 2949 446 3000 maro.
456 2951 538 2986 manu
550 2951 615 2990 saec.
626 2934 685 2987 XV
691 2950 747 2986 ex„-
760 2931 907 2988 Pontifices
919 2932 1099 3004 Mogon[tine]
1112 2933 1191 3000 sedis,
1205 2938 1278 2987 ante·

314 3022 397 3073 qnam
416 3005 664 3074 archiepiscopatus
686 3004 754 3059 inibi
777 3008 854 3069 esset,
880 3005 988 3072 require
1006 3005 1035 3058 in
1059 3005 1179 3072 presenti
1204 3004 1278 3060 folio.

159 3091 316 3148 Bonil'acius
324 3093 429 3161 primus
447 3091 613 3150 Fredericus.
731 3092 898 3147 Adelbertue
934 3109 994 3162 pre-
1015 3092 1142 3148 Mathias.

199 3164 424 3232 archiepiscopus
446 3163 618 3222 Wilhelmus.
766 3165 878 3234 positus.
1014 3163 1159 3219 Henricus.

194 3235 314 3302 ibidem;
328 3235 428 3289 deinde
446 3233 542 3290 Hetto.
730 3235 890 3291 Marcolfns.
1015 3235 1154 3292 Gerlacus.

128 3305 266 3363 suLullus.
446 3305 593 3362 Rubertus.
730 3305 874 3362 Heuricus.
1014 3306 1141 3360 Adulfus.

160 3377 314 3435 Richolfus.
447 3377 606 3448 willigisus.
730 3377 878 3434 Arnoldus.
1012 3377 1282 3436 IohannesGallicus,

160 3449 323 3504 Haistolfus.
448 3449 645 3506 Erkenbaldus.
731 3448 896 3506 Cristannus.
1015 3448 1163 3504 Corradus.

160 3519 183 3576 0
257 3521 305 3576 'us
447 3520 542 3580 Aribo.
730 3519 879 3576 Conrudus.
1004 3519 1207 3606 {Theodericus

159 3539 305 3667 Raghdhhs„
447 3589 547 3648 Bardo.
730 3591 900 3674 Sigifndus⁴.
1014 3591 1152 3644 Ditherus.

126 3661 270 3720 soKarlus.
447 3662 618 3719 Liutboldus.
730 3662 876 3718 Cristanus.
1015 3661 1143 3718 Adulfus.

158 3735 328 3790 liutbertus.
447 3733 571 3791 Sifridus.
731 3733 897 3791 Gerhardus.
1013 3732 1150 3788 Ditherua

159 3805 359 3862 Sunderoldus.
446 3804 545 3860 Wecil.
730 3805 906 3860 Wernherus.
1015 3805 1154 3860 Albertus.

158 3876 256 3933 lIatto.
445 3875 614 3933 Ruthardus.
730 3876 866 3930 Henrious
884 3874 985 3932 Minor.
1014 3875 1169 3932 Bertoldus.

157 3947 294 4020 Hereger.
447 3949 614 4002 Adelbertus
650 3965 712 4002 can-
731 3947 897 4005 Gerhardns.

124 4038 150 4076 rs
158 4019 348 4075 Hildebertus.
483 4019 616 4074 cellarius.
728 4019 835 4076 Petrus.

158 4165 180 4211 ι)
189 4168 242 4212 poor
256 4175 313 4206 corr.
328 4162 458 4205 liutharius,
511 4163 534 4209 b)
547 4165 579 4202 sic
592 4163 612 4204 Ιι.
627 4163 641 4206 l.
656 4173 673 4206 r,

161 4287 185 4356 l)
201 4287 307 4341 Eodem
325 4289 438 4340 nomina
456 4287 513 4339 ride
530 4303 616 4354 supro
630 4305 660 4356 p.
673 4289 717 4352 21,
737 4294 760 4339 et
778 4287 874 4340 ibidem
892 4304 917 4341 rs.
931 4289 957 4342 3.
1047 4289 1076 4354 2)
1100 4286 1196 4356 Lonsp.
1216 4287 1279 4340 aaa

155 4360 242 4497 ἧς,
254 4359 420 4486 'iffi-habet.
501 4359 529 4427 3)
545 4357 640 4427 Lamp.
664 4359 701 4410 ad
719 4374 744 4413 a.
757 4360 818 4414 751.
838 4359 900 4410 haec
922 4357 1006 4413 habat.
1087 4357 1115 4424 4)
1133 4358 1175 4422 Ci‘.
1194 4374 1280 4426 supra
