3182 4996
337 507 530 564 cRoNIosh
547 507 575 563 S.
584 506 701 564 PETRI
712 506 874 566 aaroni).
894 507 1091 565 APPENDIX
1101 509 1152 566 VI.
1251 513 1304 567 tat

180 697 284 767 hardi,
308 697 424 756 Valerii
454 698 601 773 episcopi,
625 697 792 773 Epiphanii
823 698 970 773 episcopi,
994 698 1127 757 Erhardi
1157 700 1304 776 episcopi,

181 788 298 845 Ursule
321 788 428 862 regine
451 791 484 844 et
505 790 565 845 oet.

293 869 406 936 Item*
433 891 523 934 anno
554 873 590 935 et
620 870 675 935 die
705 890 773 953 quo
802 889 906 954 supra
933 869 1120 936 abeodem
1146 871 1304 956 episcopo
1315 853 1412 963 {ffip

183 962 423 1025 consecratum
462 962 515 1024 est
553 957 662 1023 altare
695 958 869 1023 inferioris
903 960 991 1024 arcis
1025 953 1166 1025 dextreb
1197 961 1305 1044 partis

147 1048 330 1114 aecclesie
358 1049 396 1112 in
428 1050 558 1113 honore
592 1047 704 1113 sancti
733 1047 914 1113 Eustachii
948 1049 1186 1131 sociorumque
1221 1049 1304 1126 eins,

184 1140 304 1203 sancte
328 1137 503 1202 Elisabet⁰
533 1140 568 1201 et
597 1139 716 1203 sancte
739 1132 968 1220 Margaretel.
1013 1143 1055 1201 Et
1087 1143 1146 1201 hee
1178 1144 1306 1220 reliquie

185 1233 388 1291 continentur
403 1232 537 1292 ibidem:
555 1231 602 1289 De
616 1233 684 1289 loco
696 1232 872 1290 nativitatis
884 1233 1021 1291 Domini.
1046 1232 1092 1290 Da
1104 1233 1185 1292 lacte
1197 1237 1306 1292 sancte

186 1322 295 1390 Mario,
312 1322 396 1380 Petri
408 1321 542 1397 apostoli
554 1324 586 1378 et
597 1320 687 1378 Pauli
699 1321 843 1396 apostoli,
859 1321 964 1379 Iacobi
976 1323 1113 1392 maioris,
1130 1320 1301 1397 Stephani⁰

186 1411 350 1485 martyris,
374 1409 536 1468 Eustachii
565 1410 728 1484 martyris,
759 1410 901 1468 Manrimi
930 1411 1093 1484 martyris,
1128 1411 1307 1469 lnnocenoii

150 1523 177 1562 ro
187 1501 346 1576 martyris,
364 1498 498 1558 Candidi
510 1499 668 1573 martyris,
684 1497 791 1556 Prothi
804 1503 836 1556 et
848 1499 988 1568 lacincti,
1005 1499 1122 1558 Kiliani
1131 1486 1306 1574 ‘martyria

188 1587 345 1647 Romani⁸
358 1589 517 1663 martyris,
534 1587 659 1663 Georgii
674 1588 833 1661 martyris,
846 1587 1011 1662 Symeonis
1027 1589 1164 1665 episcopi
1179 1593 1213 1647 et
1228 1606 1307 1646 mar·

188 1678 278 1752 tyris,
301 1678 459 1736 Ambrosii
482 1676 680 1746 confessoris,
710 1675 812 1752 Egidii
835 1677 969 1746 abbatis,
1000 1677 1137 1735 Narcissi
1159 1679 1306 1754 episcopi,

188 1767 286 1824 Marie
309 1767 506 1842 Magdalene.
552 1765 599 1824 De
622 1751 785 1824 vestibush
812 1769 921 1824 sancte
944 1753 1098 1824 Elisabet¹
1122 1767 1306 1842 lantgravie,

187 1855 343 1974 Undepim
373 1857 496 1914 milium
526 1855 698 1930 virginum,
727 1843 931 1929 Margarats¹¹
957 1855 1102 1930 virginis,
1133 1855 1226 1913 anie
1249 1857 1308 1912 vir·

152 1962 270 2020 ngrms
298 1987 306 2002 .

296 2135 428 2200 Annom
447 2133 588 2198 Domini
611 2133 794 2199 millesimo
815 2133 1155 2218 quadringentesimo
1173 2147 1397 2218 sesego-1469.

190 2224 276 2289 simo
286 2243 378 2287 nono
390 2224 426 2286 in
434 2223 490 2288 dio
500 2225 698 2287 sanctorum
710 2223 827 2288 decem
837 2222 971 2287 milium
983 2223 1163 2286 martirum
1176 2222 1309 2288 dedica·
1319 2253 1369 2296 a...
1378 2253 1410 2294 n.

190 2319 265 2377 tum
277 2312 349 2376 fuit
360 2312 470 2377 altare
486 2332 565 2376 oum
581 2311 715 2397 capella
730 2311 767 2376 in
782 2311 984 2377 dormitorio
999 2312 1036 2376 in
1052 2313 1217 2377 honorem
1234 2313 1309 2377 bea·

189 2402 322 2466 tissime
336 2400 480 2486 virginis
496 2400 672 2486 genitricis
690 2401 756 2466 Dei
772 2400 881 2465 Mario
898 2404 934 2465 et
949 2404 1147 2465 sanctorum
1161 2404 1310 2485 quatuor

154 2491 381 2567 indoctorum,
405 2489 568 2555 videlicet
595 2488 769 2566 Ieronimi,
794 2489 963 2574 Gregorii,
986 2491 1170 2568 Ambrosii,
1194 2491 1310 2574 Augu·

190 2579 281 2656 stiui,
305 2582 342 2644 et
365 2579 477 2644 sancti
492 2578 686 2643 Sebastiam
701 2579 851 2643 martiris
874 2600 895 2644 a
909 2580 1096 2644 reverendo
1119 2580 1156 2642 in
1173 2578 1311 2644 Christo

191 2672 289 2752 patre
312 2671 349 2733 et
364 2667 503 2732 domino
519 2666 658 2732 domino
673 2667 830 2732 Iohanne
854 2668 997 2734 ecclesie
1021 2668 1221 2752 Syronensis
1244 2669 1310 2752 epi·

191 2777 294 2842 scopo
304 2757 326 2819 1.
371 2763 410 2819 In
439 2763 508 2838 ipso
531 2779 654 2837 qnoque
684 2763 775 2820 altari
803 2763 978 2837 subscripta
1001 2767 1183 2822 sanctorum
1205 2779 1310 2821 recon-

191 2852 257 2910 dite
282 2868 369 2910 sacre
393 2855 469 2909 sunt
492 2851 635 2926 reliquie:
660 2851 707 2909 De
729 2851 815 2926 ligno
833 2852 969 2909 Domini.
1007 2852 1054 2909 De
1078 2853 1229 2926 sepulcro.
1263 2851 1310 2908 De

155 2961 181 3001 ss
191 2942 342 3017 presepio.
373 2934 433 2998 *De
456 2940 576 3015 capillis
599 2943 708 2997 sancte
726 2940 824 2998 Mario
846 2941 986 3014 virginis.
1021 2940 1069 2998 De
1092 2941 1257 3015 sepulchro
1278 2943 1311 2998 et
1320 2958 1348 3006 *a
1357 2959 1384 3002 a.

190 3031 391 3099 vestimento,
415 3029 455 3087 de
478 3029 602 3104 cingulo
626 3028 777 3086 eiusdem.
817 3029 1040 3103 Apostolorum
1054 3028 1139 3086 Petri
1162 3033 1194 3086 et
1210 3029 1309 3098 Pauli,

190 3120 327 3189 Andree,
358 3118 508 3176 iohannis
538 3118 741 3193 evangeliste,
772 3116 887 3186 iacobi,
922 3117 1051 3186 Thorne,
1086 3117 1308 3186 Bartholomei,

191 3208 336 3284 Philippi,
360 3207 490 3278 Mathis,
520 3207 603 3264 Luce
627 3207 835 3282 evangeliste3
866 3205 1018 3280 Stephani
1048 3206 1307 3280 prothomartiris,

191 3297 365 3366 Laurencii,
389 3295 510 3365 Ciriaci,
535 3296 609 3364 Viti,
637 3295 801 3364 Vincentii,
825 3293 960 3370 Georgii,
984 3293 1171 3364 Sebastiani,
1195 3293 1308 3353 Cristo·

156 3385 284 3456 scierin,
308 3385 460 3454 Mauricii,
477 3383 645 3459 Gangolffl,
670 3383 902 3452 Panthaleonis,
926 3383 1096 3452 Panoracii,
1116 3383 1222 3452 Blasii,
1241 3383 1308 3440 Flo·

191 3476 297 3544 rencii,
323 3474 448 3543 Albani,
478 3473 568 3542 Iusti,
593 3471 734 3531 Silvestri
763 3490 853 3548 pape,
885 3472 995 3530 Felicis
1025 3489 1115 3548 pape,
1140 3472 1306 3541 Ambrosii,

192 3677 496 3727 a)naeralnu.1oms1;
518 3676 542 3714 ia
555 3677 567 3714 Ω
581 3685 648 3714 runnu
665 3685 682 3718 s.
696 3675 759 3720 XVI.
778 3675 839 3718 rubr.
852 3675 976 3725 adscripto:
999 3672 1034 3714 Ad
1048 3675 1071 3716 8.
1086 3673 1195 3716 hillaabst.
1249 3674 1272 3722 h)
1286 3675 1309 3713 in

193 3733 239 3770 loco
253 3742 306 3771 ruso
321 3733 343 3781 1;
359 3728 452 3770 dartana
466 3731 485 3772 i.
539 3728 560 3780 c)
574 3729 691 3768 Elisabeth
706 3731 724 3773 a.
766 3727 789 3777 d)
804 3729 826 3767 in
841 3729 851 3766 1
867 3739 966 3777 erasum
981 3729 1123 3780 Margnrotha
1138 3729 1157 3770 i.
1198 3729 1219 3776 a)
1233 3727 1308 3768 sthat-

192 3785 238 3825 ianl
252 3783 432 3834 prothomartiris
446 3783 465 3825 i.
519 3781 536 3833 f)
550 3781 641 3834 Kyllani
655 3783 674 3824 a.
734 3781 757 3832 g)
771 3782 865 3831 Remigii
879 3793 946 3820 manu
963 3793 1018 3824 socc.
1032 3781 1056 3820 X
1060 3781 1080 3824 V.
1099 3793 1175 3820 nomen
1189 3782 1247 3831 quod
1260 3791 1309 3820 evo-

157 3835 183 3878 85
192 3842 270 3877 amat
284 3841 409 3878 meatum
422 3841 452 3875 esi
466 3840 485 3875 ot
499 3837 572 3875 eadm
586 3847 652 3874 manu
666 3847 772 3884 mepsrscr.
787 3836 872 3875 romani
887 3837 906 3884 1,
921 3839 944 3874 ut
958 3835 970 3874 Β
984 3835 1055 3878 laba.
1096 3833 1120 3884 h)
1135 3846 1196 3873 roma
1210 3835 1250 3874 hoc
1264 3837 1309 3875 loco

193 3903 260 3932 manu
273 3891 387 3934 samm.
401 3901 508 3940 aspernor.
524 3891 543 3932 1.
596 3890 612 3937 l)
626 3889 742 3929 Elisabeth
756 3889 776 3931 2.
830 3888 853 3939 k)
868 3887 966 3938 Margar'
981 3891 1004 3940 1;
1020 3889 1162 3937 nugaretto
1175 3889 1195 3930 2.
1239 3887 1256 3938 l)
1270 3889 1310 3928 hoc

193 3947 240 3985 loco
253 3945 331 3984 dentale
344 3955 423 3984 mortus
439 3954 456 3986 a.
472 3942 534 3985 XIV.
551 3943 616 3990 ΗΟ.
642 3943 701 3988 Ouoe
717 3945 835 3992 emuntur
854 3943 903 3980 solo
921 3953 988 3980 manu
1006 3953 1023 3984 a.
1037 3941 1086 3985 XV.
1106 3941 1125 3990 f.
1139 3942 1152 3980 8
1166 3953 1212 3992 sqq.
1227 3943 1310 3992 scripto

192 4003 250 4038 mat.
311 4000 342 4047 m)
358 3999 419 4040 rubr.
435 4008 501 4036 manu
519 4007 536 4040 a.
549 3995 574 4034 X
576 3995 613 4039 VI.
627 3997 751 4044 adsmpta:
772 3995 798 4034 ln
812 3993 942 4036 dormitorio
955 3993 985 4036 ad
998 4001 1097 4036 sanctam
1112 3995 1205 4034 Mariam
1219 3995 1311 4038 Novam.

193 4055 216 4101 n)
228 4063 260 4091 stc
273 4061 290 4095 e.

158 4227 185 4267 lo
195 4213 221 4278 1)
239 4211 438 4279 chorepiscopo,
457 4211 533 4262 cuius
551 4209 622 4262 sodes
643 4210 673 4260 ia
694 4223 726 4275 p.
745 4208 797 4272 inf.
822 4208 879 4272 fuit
897 4208 969 4274 Syra
987 4207 1110 4275 (Scyros)
1129 4209 1227 4263 imula.
1266 4208 1308 4272 cf.

194 4283 269 4337 Koch
293 4284 324 4334 in
343 4281 480 4335 ‘Zeitsolm
499 4281 524 4334 d.
542 4281 571 4335 V.
597 4281 618 4345 f.
641 4280 725 4332 thar.
745 4279 845 4333 Grecis?
867 4279 918 4346 VI,
943 4295 974 4347 p.
993 4281 1026 4334 81
1046 4296 1084 4347 sq.
1117 4279 1228 4346 Weyelo,
1249 4279 1308 4334 Nic.

193 4356 224 4409 da
236 4355 330 4420 siam
343 4368 374 4420 p.
386 4354 448 4418 449,
469 4352 486 4406 l.
500 4355 526 4414 b,
543 4367 636 4404 nomm
653 4351 722 4404 sadis
740 4351 796 4402 eius
814 4351 888 4415 foedo
905 4353 1025 4418 compti
1043 4353 1074 4402 ia
1086 4349 1224 4418 Spyrensi.
1258 4351 1313 4402 Ubi

194 4428 254 4482 Nic.
271 4425 402 4493 quadam
420 4439 454 4476 ex
471 4423 521 4474 hac
538 4425 633 4475 notitia
651 4422 801 4476 warram
818 4421 941 4474 addidit:
966 4425 997 4474 nt
1017 4425 1094 4490 patet
1112 4421 1186 4484 alibi,
1205 4423 1261 4476 soil.
1281 4424 1310 4474 in

194 4498 278 4550 canate
295 4495 415 4550 Hamas.
