3130 4990
272 429 323 483 126
413 425 580 480 CRONIOA
599 425 628 482 S.
641 424 758 480 PETRI
775 423 1036 480 ERFORDENSIS
1055 425 1252 481 MODERNA.

275 608 485 674 Otdestebensi
517 614 655 672 moratos
688 628 762 672 esse.
816 607 921 674 Unum
954 628 993 672 eu
1026 607 1077 672 aa
1105 609 1270 674 monachis
1299 609 1388 674 iilum

269 699 370 762 tanim
393 697 557 779 scripsisse
580 696 708 762 conicio.

377 787 428 850 An
452 807 483 850 a.
503 791 597 849 1245.
622 791 732 850 auetor
754 783 886 849 atterius
909 785 1018 866 partis
1046 785 1199 851 (tronione
1228 787 1329 851 mrdta
1351 809 1391 852 er

275 875 415 941 Oroniea
438 875 571 939 Minore
600 873 712 939 tertiae
746 872 895 939 editionis
906 876 925 954 ¹,
956 873 1098 940 uidelicet
1131 875 1198 940 iam
1228 875 1389 940 contiuua-

270 965 354 1030 tioue
377 963 501 1045 eopiosa
525 968 809 1028 α.1266-1272.
833 969 936 1044 auota,
964 963 1137 1046 suscripsit,
1168 964 1251 1029 liano
1274 986 1296 1028 a
1318 985 1420 1046 quo-s

270 1055 345 1118 dam
367 1054 472 1132 fratre
494 1051 619 1116 ordinis
633 1051 802 1116 Minorum
817 1051 1014 1130 Erfordensi
1036 1052 1235 1134 ooumositam
1252 1053 1392 1132 fortasse

270 1143 394 1206 demum
427 1148 548 1222 nastris,
579 1163 649 1205 erim
682 1161 779 1222 usque
808 1141 853 1204 ad
880 1141 964 1205 duno
993 1163 1114 1206 annum
1139 1147 1265 1224 partem
1297 1164 1391 1208 suam

276 1229 430 1296 Grouioae
466 1230 533 1294 iam
570 1229 785 1310 somnmsset²,·
822 1227 878 1310 qui
915 1251 1143 1312 nonnunquam
1184 1231 1392 1296 narrationes

273 1319 359 1384 itlius
388 1340 458 1384 eum
487 1318 542 1400 eis,
573 1339 654 1400 quas
680 1320 716 1382 in
746 1317 919 1383 annalibus
949 1317 1022 1400 teuit
1050 1320 1097 1383 oet
1120 1318 1185 1400 ipse
1207 1320 1389 1402 composuit,

271 1407 446 1473 coniunxit.
492 1407 630 1472 Domum
653 1408 692 1471 ab
716 1429 746 1472 a.
767 1413 863 1470 1272.
890 1429 986 1488 usque
1015 1409 1060 1473 ad
1088 1431 1119 1472 a.
1139 1414 1233 1471 1276.
1263 1410 1392 1474 uberem
1404 1433 1429 1470 ιο

270 1497 487 1579 copiosamque
516 1496 701 1561 relationem
734 1495 801 1576 ipse
835 1495 1029 1577 conseripsit,
1059 1496 1159 1561 multa
1191 1499 1228 1562 de
1258 1498 1391 1562 eousdr'a

272 1585 481 1668 Luadu-nensi
503 1585 655 1665 referens,
680 1584 770 1649 ouius
791 1585 915 1650 decreta
937 1585 1104 1666 exscripsit
1112 1587 1133 1648 ³.

382 1672 492 1738 Tertia
515 1694 606 1755 pars,
638 1673 728 1738 ouius
757 1673 852 1737 initio
882 1674 992 1739 bellum
1024 1675 1155 1754 Rudatfi
1187 1682 1217 1739 et
1249 1675 1392 1740 Ottooari

231 1798 233 1806 ι
270 1784 380 1845 renum
402 1768 546 1840 α.1276,
570 1762 638 1828 iam
667 1763 705 1826 in
733 1763 799 1842 fine
827 1765 981 1827 secundae
1004 1763 1112 1844 partis
1134 1770 1312 1845 narratum,
1336 1764 1391 1830 ite-

270 1873 343 1915 rum
372 1851 507 1916 rotatum
536 1857 588 1933 est,
620 1851 738 1916 desinit
758 1851 795 1915 in
818 1873 848 1914 a.
870 1857 963 1915 1291.
987 1858 1016 1916 et
1043 1852 1184 1931 confecta
1213 1859 1259 1917 est
1287 1853 1391 1918 media
1404 1877 1428 1916 ιο

272 1962 358 2006 anno
377 1946 471 2004 1291.
505 1941 594 2005 Nam
616 1947 726 2006 auctor
747 1939 815 2004 siris
837 1939 874 2004 in
897 1940 1097 2005 celeberrima
1118 1962 1179 2006 sua
1202 1941 1392 2007 narratione

271 2030 309 2094 de
331 2029 473 2108 Rndotso
501 2051 573 2112 reae
600 2051 669 2095 oum
691 2028 799 2093 mattis
815 2027 1019 2110 principibus
1040 2029 1219 2109 Erfordiae
1241 2053 1272 2095 a.
1293 2035 1390 2095 1290.

272 2125 392 2183 marato
425 2118 534 2183 multis
567 2117 643 2182 tacis
670 2117 781 2200 prodit
814 2139 846 2182 se
879 2119 1066 2182 manantium
1099 2125 1173 2184 turu
1206 2118 1244 2183 in
1277 2120 1392 2186 Monte

274 2209 307 2272 S.
332 2207 421 2272 Petri
451 2207 599 2288 deyisse4y
634 2213 663 2270 et
692 2207 756 2270 tooo
786 2205 823 2270 in
853 2205 956 2272 oadioe
985 2213 1092 2272 nostra
1121 2207 1206 2286 falso
1236 2209 1301 2274 tooo
1333 2209 1391 2273 surb

271 2319 303 2360 a.
323 2301 417 2360 1291.
435 2295 550 2378 posito,
574 2295 629 2377 qui
651 2295 707 2360 sub
731 2301 877 2360 α.1290.
901 2295 1099 2361 eodooandus
1121 2302 1190 2360 erat
1199 2297 1219 2378 ⁵,
1244 2298 1390 2379 laetatus,
1401 2321 1429 2361 so

271 2386 356 2465 arrad
384 2385 546 2450 Kelauun
577 2383 730 2448 soldanus
759 2384 925 2463 defunctus
953 2383 995 2448 sit
1025 2383 1071 2461 (a.
1092 2391 1186 2450 1290.
1219 2386 1300 2450 Nou.
1321 2391 1389 2470 lo),

271 2479 442 2554 antequam
457 2473 657 2555 propositam
679 2493 771 2537 snum
785 2473 924 2538 Acconis
946 2472 1084 2538 ciuitatis
1099 2475 1305 2540 destruendae
1317 2497 1390 2558 per·

272 2563 367 2642 ficere
383 2568 497 2643 posset,
522 2561 630 2627 addit:
660 2561 724 2627 Oui
747 2563 911 2628 suecessit
933 2563 1026 2627 filius
1050 2610 1058 2625 .
1084 2611 1091 2625 .
1117 2611 1139 2641 .‚
1164 2565 1223 2648 qui
1245 2566 1392 2630 timetur

275 2699 282 2713 .
308 2701 315 2714 .
341 2697 349 2714 .
379 2651 666 2716 nefandissimum
694 2651 790 2715 illius
820 2653 1034 2736 propositum
1063 2653 1278 2736 impleturas
1308 2655 1393 2734 quod

271 2739 423 2822 seruitum
453 2761 519 2804 esse
541 2745 638 2821 patet,
669 2745 839 2820 antequam
868 2739 1004 2804 nunnus
1026 2739 1164 2806 Acconis
1192 2741 1232 2806 ab
1254 2741 1310 2806 hoa
1333 2742 1428 2807 sot-ss

274 2829 358 2894 dana
381 2835 578 2910 eapuqnatae
605 2824 652 2906 (a.
671 2833 766 2892 1291.
791 2827 883 2892 Maii
901 2831 957 2912 18)
981 2829 1175 2908 Erfurdiam
1198 2829 1389 2913 perueniret.

272 2919 357 2998 quod
384 2917 505 2996 fastum
526 2917 704 2997 Erfordiae
731 2937 836 2982 nunso
859 2917 1002 3000 Anausto
1029 2917 1205 2984 innotuisse
1233 2917 1390 2983 oisteturss.

274 3006 378 3070 Porro
401 3027 470 3071 eum
492 3005 622 3070 initium
645 3027 675 3070 a.
696 3011 790 3070 1291.
811 3005 906 3071 etiam
929 3007 1051 3071 auctori
1068 3007 1323 3088 praecedentium
1345 3014 1391 3071 at·

271 3095 473 3160 tribuendum
502 3115 567 3160 esse
597 3095 741 3176 aansteffl,
772 3116 841 3160 sum
864 3101 1025 3177 postrema
1054 3102 1129 3160 nata
1163 3102 1237 3160 ante
1270 3097 1392 3161 cladem

276 3271 301 3338 l)
320 3271 368 3325 SS.
381 3269 490 3336 XXIV,
508 3287 534 3336 p.
548 3271 708 3326 172—210.
727 3275 750 3321 et
768 3270 856 3333 infra.
911 3271 939 3336 2)
958 3269 1043 3322 Pauci
1061 3271 1111 3322 taar'
1128 3271 1390 3337 nonnumquam
1402 3285 1429 3322 so

273 3343 330 3393 iam
348 3349 409 3394 ante
426 3343 497 3393 huna
514 3357 617 3394 aunum
635 3358 668 3394 ea
688 3341 767 3392 Gran.
783 3340 890 3392 Minore
907 3343 1009 3407 sumpti
1025 3357 1077 3392 asse
1091 3347 1205 3410 possuit,
1224 3347 1253 3392 ut
1270 3357 1296 3394 a.
1311 3344 1390 3399 1215.

273 3412 305 3464 de
317 3413 410 3466 ordino
422 3413 641 3466 Prauuaurum
653 3413 818 3478 confimnato,
838 3429 863 3465 a.
878 3413 955 3466 1224.
973 3413 1004 3463 de
1016 3427 1124 3464 annona
1136 3427 1255 3477 emnssa,
1274 3415 1389 3468 α,1226.

273 3483 305 3536 de
318 3484 388 3536 obitu
401 3485 548 3550 Frauar'sot,
569 3485 660 3536 addito
672 3485 721 3550 dio,
740 3483 786 3534 sed
800 3498 865 3534 sane
883 3485 972 3533 minus
986 3481 1125 3550 probabile
1142 3483 1189 3535 trac
1200 3491 1244 3538 eu.
1299 3483 1326 3549 3)
1338 3484 1391 3536 Sed

274 3557 353 3606 ettam
380 3556 532 3621 astundam,
560 3557 609 3623 qur·
635 3557 696 3606 hirta
720 3553 827 3606 coucilia
852 3554 1019 3617 interfuerit,
1046 3557 1232 3606 narrationem
1258 3555 1392 3608 audivisse

276 3627 387 3690 ridetur,
412 3643 471 3678 eum
495 3627 581 3679 multa
606 3631 637 3681 de
654 3642 682 3678 ea
700 3625 760 3677 dune
777 3625 906 3679 rasorii.
943 3624 1013 3675 Nata
1031 3641 1056 3678 a.
1073 3626 1148 3680 1274.
1168 3626 1241 3676 Mau
1256 3628 1300 3692 24,
1326 3633 1428 3678 reru-³5

272 3712 338 3766 pare
355 3699 461 3748 conatii
471 3698 667 3762 Luadunursis,
687 3695 824 3764 sparuna
837 3711 928 3762 papae
945 3696 1037 3746 datam
1054 3711 1107 3748 asse
1125 3697 1161 3747 ad
1179 3696 1297 3748 aarum
1309 3697 1392 3749 Reiu-

275 3767 535 3820 hardsbruuneusem
553 3768 687 3831 (Parrhasi
704 3783 747 3820 ur.
761 3769 870 3832 20833).
901 3767 1028 3819 Fortasse
1045 3767 1127 3818 huius
1146 3770 1304 3820 monasterti·
1318 3783 1392 3820 unu·

275 3841 331 3889 ctus
356 3839 487 3903 madunt
512 3845 575 3890 tuna
599 3839 690 3903 affuit.
771 3840 799 3906 4)
827 3838 860 3889 Ut
887 3838 909 3900 f.
930 3836 998 3893 195¹.
1034 3835 1156 3891 Rudolso
1184 3837 1391 3907 amhiapisaopa

275 3907 461 3960 testimonium
478 3908 662 3977 perhibemus,
680 3907 754 3976 quad
773 3950 779 3962 .
800 3951 805 3962 .
826 3949 833 3964 .
851 3907 945 3961 multis
960 3907 1098 3961 benefieiis
1115 3925 1177 3961 nas
1197 3909 1266 3962 favit
1283 3913 1311 3963 et
1329 3952 1335 3964 .
1356 3952 1362 3964 .
1383 3951 1391 3966 .

274 3995 337 4031 nas
364 3978 488 4046 invitans,
513 3978 578 4032 satis
603 3979 716 4050 largitor
739 3995 802 4032 nas
826 3978 923 4032 refecit
947 3996 997 4046 per
1015 4022 1021 4034 .
1042 4021 1047 4034 .
1069 4021 1074 4033 .
1094 3981 1266 4048 septimanas,
1291 3980 1429 4048 quibuuo

275 4053 342 4118 aput
359 4066 422 4102 nos
441 4049 531 4102 fuerat
548 4050 708 4119 hospitatus.
739 4052 772 4105 F.
788 4053 847 4106 196.
869 4049 952 4102 Cuius
969 4051 1092 4116 (liudolfi
1110 4053 1312 4120 archiepiscopi)
1331 4069 1391 4105 aar·

274 4135 387 4257 iisd
398 4121 639 4259 :dieiididii
655 4126 719 4246 {¹32⁰
730 4123 817 4246 diffidi
827 4139 857 4244 d
870 4119 963 4246 ordi1
964 4120 1160 4246 ididan
1196 4125 1242 4247 aa
1257 4124 1391 4248 ‘ium

709 4235 714 4248 ·
949 4235 954 4246 ·
1162 4233 1178 4259 a

275 4268 343 4315 onia
368 4269 471 4329 nonna,
497 4280 548 4332 auo
574 4265 628 4318 laoa
649 4265 788 4332 ponendus
810 4267 854 4330 stt,
881 4264 1000 4317 ordinem
1025 4265 1153 4319 usual
1179 4273 1284 4319 minare
1306 4267 1390 4322 uolut.

274 4334 303 4402 6)
330 4334 405 4397 Quod
426 4335 554 4388 Nr'ealaus
577 4337 627 4390 IV.
651 4352 729 4404 papa
752 4337 794 4388 dte
818 4337 888 4401 Any.
909 4338 932 4390 1.
954 4337 1055 4404 populo
1076 4335 1224 4390 christiano
1246 4339 1428 4400 indtaam'ms

276 4405 405 4473 Patttrast,
425 4408 489 4473 Rea.
508 4423 553 4462 nr.
565 4409 669 4476 237563
689 4407 737 4459 SS.
750 4407 847 4472 XVII,
863 4424 892 4473 p.
905 4407 957 4462 599
969 4423 1007 4474 aa.
1075 4409 1101 4474 7)
1122 4407 1187 4460 &rm
1205 4409 1254 4461 sub
1272 4425 1297 4462 a.
1313 4411 1390 4465 1291.
