3214 4990
629 457 797 513 ORONIOA
815 457 950 515 MINOR.
1296 461 1350 516 489

232 664 311 723 mus,
342 663 407 707 non
435 643 592 723 hammus,
623 641 718 706 immo
747 641 890 726 linquam
921 642 1076 709 Latinam
1107 649 1143 708 ut
1168 641 1349 709 Germanus

226 753 348 815 parum
377 732 485 814 crdtus,
516 753 582 797 nou
609 737 646 796 ut
670 731 785 810 Italus,
816 731 953 812 scripsit.
1001 733 1111 814 Neque
1140 731 1235 796 etiam
1263 731 1349 796 inter

232 821 353 901 fratres
382 821 539 902 Minores,
574 819 629 901 qui
659 842 690 886 o.
718 825 812 884 1224.
848 841 916 885 cum
951 820 1095 887 Iordane
1128 820 1348 902 Erphordiam

231 916 396 991 uenerunt,
429 915 559 991 praeter
591 909 696 991 ipsum
726 909 905 974 Iordanum
935 909 1015 974 Itoti
1049 910 1148 989 fuere.
1200 908 1349 975 Conicere

210 1005 317 1081 spotes
353 1004 511 1064 auctorem
555 997 592 1063 in
634 996 770 1080 capituto
810 997 955 1079 penerali
999 998 1140 1077 fratrum
1179 998 1348 1063 Minorem

234 1093 379 1153 a.1256.
403 1087 440 1152 in
463 1085 594 1153 ecelesia
616 1085 770 1152 Aracaeli
793 1087 952 1167 celebrato,
977 1089 1015 1152 dc
1037 1109 1097 1169 quc
1119 1088 1187 1168 ipse
1210 1087 1318 1152 retulit
1327 1089 1346 1166 1,

232 1175 353 1241 Rornae
379 1175 532 1256 adfuisse.
579 1175 716 1240 Fratres
739 1174 888 1240 Minores
917 1196 990 1240 uero
1019 1175 1115 1241 etiam
1137 1183 1269 1258 propter
1298 1197 1347 1241 ue-

230 1265 318 1347 potic
341 1265 466 1330 ordinis
488 1265 539 1329 sui
554 1263 817 1330 administranda
838 1283 930 1346 saepe
947 1286 1008 1346 per
1024 1265 1212 1346 prouincias
1234 1271 1348 1329 terras-

232 1375 291 1435 que
316 1353 444 1434 missos,
478 1375 571 1436 saepe
599 1352 695 1418 etiam
724 1353 762 1418 de
792 1359 942 1418 concentu
970 1353 1007 1418 in
1037 1353 1136 1419 olium
1167 1360 1349 1418 concentum

197 1463 223 1502 ιο
233 1441 439 1524 transpositos
472 1463 538 1508 esse
574 1442 654 1506 satis
688 1447 816 1523 constat,
852 1448 944 1524 atque
977 1443 1074 1508 etiam
1106 1443 1211 1523 frater
1244 1449 1349 1506 aester

232 1531 469 1612 Erphordensis
485 1537 617 1613 praeter
643 1529 856 1612 thurinpiam
880 1531 1073 1614 Italiamque
1090 1552 1151 1613 per
1174 1531 1258 1596 alias
1274 1551 1347 1613 pro-

231 1619 356 1685 mucias
384 1623 541 1702 miprasse
568 1619 700 1684 videtur.
748 1620 793 1684 In
821 1618 946 1685 civitate
975 1620 1060 1686 enim
1090 1619 1348 1702 Mersehuraeusi

232 1708 360 1774 calicem
370 1709 544 1791 pretiosum
559 1710 599 1775 ab
616 1707 773 1773 Heinricc
789 1707 840 1771 II.
865 1707 1053 1790 imperatore
1068 1710 1214 1774 ecelesiae
1229 1707 1348 1773 maiori

234 1798 267 1862 S.
292 1798 465 1863 Laurentii
494 1799 645 1862 donatum
673 1796 791 1862 cidisse
819 1796 951 1879 ridetur,
975 1819 1065 1878 quem
1088 1799 1192 1862 adhuc
1214 1796 1261 1863 ihi
1284 1818 1348 1862 esse

196 1885 359 1950 indixerit.
405 1886 574 1968 Reliquias
605 1908 621 1951 e
651 1885 776 1951 ciuitate
812 1885 1164 1968 Constantinopolitano
1193 1907 1224 1950 a.
1253 1892 1347 1950 1204.

232 1982 325 2057 capta
347 1978 527 2057 deportatas
549 1997 614 2040 esse
637 1997 706 2040 cum
728 1973 893 2055 retulisset,
918 1975 1058 2040 addidit:
1080 1981 1121 2040 ut
1144 1979 1288 2059 apparet
1311 1977 1348 2039 in

234 2065 383 2130 Venecia
406 2069 442 2129 et
463 2067 500 2128 in
516 2065 730 2129 Hslberstet.
771 2063 862 2129 {inde
884 2085 953 2128 eum
973 2063 1032 2128 has
1048 2063 1188 2128 ciuitates
1202 2063 1349 2128 visitasse

232 2173 296 2218 uon
318 2153 388 2218 sine
409 2152 481 2218 iure
503 2153 642 2218 conicere
659 2159 749 2234 potes
758 2153 778 2216 ².

337 2242 442 2307 Haud
463 2262 584 2323 paucos
606 2240 703 2306 libros
727 2242 771 2306 ad
792 2240 952 2306 tantillum
974 2239 1145 2306 chronicon
1168 2261 1347 2322 componen-

195 2331 306 2395 ncdum
336 2337 446 2396 auctor
474 2329 627 2410 adhibuit,
663 2350 795 2410 quorum
822 2329 1030 2411 praetectum
1057 2329 1125 2411 ipse
1152 2329 1190 2393 in
1216 2331 1348 2412 protopo

232 2419 395 2502 iudicauit,
419 2419 474 2484 uhi
495 2418 581 2483 inter
602 2418 671 2483 otia
695 2421 737 2484 de
754 2419 997 2484 Ecclesiastiec
1020 2421 1182 2506 hystoria,
1208 2421 1250 2484 de
1268 2419 1347 2484 Oro·

233 2509 292 2586 sio,
317 2510 360 2574 de
384 2509 528 2574 cronicis
552 2509 692 2573 Eusebii
720 2513 755 2572 et
779 2509 943 2573 leronimi
966 2513 1002 2573 et
1025 2509 1171 2574 eliorum
1201 2529 1347 2590 seques

232 2597 306 2661 ἀαηι
327 2598 518 2678 excerpsisse
540 2596 631 2662 dicit.
678 2597 727 2661 Ac
748 2617 784 2662 re
806 2617 881 2662 oera
904 2596 1021 2677 Rufini
1046 2597 1221 2662 cersiomm
1243 2597 1348 2662 Ecd-

232 2685 380 2751 siasticae
402 2685 555 2751 historiae
569 2685 724 2751 EusehiiB
739 2691 768 2750 et
787 2685 894 2751 Orosii
917 2685 1069 2751 historias
1084 2685 1239 2751 adhibuit.
1275 2685 1347 2752 Cro

195 2797 223 2837 sc
232 2773 306 2839 nien
328 2795 401 2839 cero
417 2773 550 2839 Eusehii
573 2780 602 2838 et
617 2773 809 2857 Hieronymi
831 2774 904 2856 ipso
926 2795 991 2840 non
1014 2774 1189 2856 suscripsit,
1214 2775 1270 2839 sed
1291 2775 1348 2841 hoo

233 2863 321 2928 titudo
342 2863 500 2928 indicarit
526 2861 708 2928 Chronicon
730 2863 910 2928 universate
932 2864 1073 2943 Frutotfi
1099 2869 1129 2928 et
1149 2863 1346 2944 Ethehardi,

233 2952 322 3018 acius
355 2951 489 3017 codicem
522 2951 554 3016 S.
585 2951 675 3016 Petri
709 2951 994 3033 Erpherdensem⁴,
1030 2973 1117 3017 nune
1154 2951 1345 3032 Gothanum,

233 3040 418 3123 auspiiatmn
440 3040 596 3106 Auctario
618 3047 648 3105 et
667 3039 910 3105 Continuatione
934 3040 968 3105 S.
986 3039 1076 3104 Petri
1098 3039 1345 3122 Erphordensis,

232 3149 331 3212 snpra
353 3151 388 3211 p.
414 3134 567 3194 23—44.
599 3128 700 3208 editis,
731 3149 800 3194 eum
827 3127 937 3210 lepisse
958 3127 1056 3208 facite
1079 3127 1246 3212 cepnoscis.
1293 3129 1348 3192 Ec

196 3218 388 3284 ccAuctorio
421 3217 507 3283 enim
540 3217 629 3283 houd
655 3238 772 3299 pauca,
807 3237 846 3281 eoo
873 3217 1117 3283 Continuatione
1147 3214 1348 3296 (Annalibus

234 3447 259 3512 1)
280 3446 354 3510 Quod
372 3445 476 3512 quidun
494 3461 520 3500 o.
536 3446 612 3501 1257.
631 3445 786 3498 celebratum
803 3462 856 3498 esse
874 3446 947 3510 falso
965 3447 1044 3498 discit.
1134 3444 1161 3512 2)
1182 3445 1347 3497 Addheidem

233 3519 426 3584 imperatrncem
450 3519 480 3568 in
505 3519 665 3569 monasterio
689 3517 745 3569 Sele
769 3517 896 3580 Alsatiae,
930 3517 1083 3569 Udctricum
1109 3518 1300 3582 Anoustanum
1324 3523 1348 3570 et

233 3587 387 3640 Gonrodnm
406 3589 628 3640 Constantincscm
647 3590 676 3638 in
694 3587 791 3640 Sueeio
808 3595 914 3640 sanctos
930 3589 988 3654 coli,
1009 3589 1079 3655 qnod
1095 3589 1168 3652 dicit,
1188 3591 1218 3638 in
1236 3587 1347 3639 italiam

229 3660 366 3727 profatus
391 3675 576 3726 representans
599 3674 748 3724 ccpnoscers
768 3662 864 3727 potuit.
901 3660 967 3712 Cum
985 3675 1045 3712 cero
1062 3660 1163 3712 dicerit
1181 3659 1347 3725 Stephanum

196 3741 317 3796 mrcpem
336 3732 366 3782 in
390 3729 513 3796 Unpcria
531 3735 652 3782 sanctum
670 3730 726 3793 coli,
744 3747 798 3784 non
816 3733 872 3782 iam
890 3747 948 3782 nrm
968 3733 997 3782 in
1022 3731 1145 3797 Unam-io
1163 3730 1249 3794 fuisse
1266 3731 1348 3793 focile

231 3801 393 3856 contcdahcs.
464 3803 492 3868 3)
517 3801 570 3854 Sed
593 3815 627 3851 ee
651 3801 701 3852 hoc
725 3803 755 3853 in
775 3803 869 3870 prima
893 3803 1049 3867 recensione,
1075 3804 1196 3868 quamvis
1221 3803 1300 3853 etiam
1319 3803 1347 3853 in

229 3874 340 3940 protopc
358 3872 441 3923 huius
458 3873 618 3924 recensionis
634 3871 698 3924 haec
714 3872 829 3938 dicatur,
849 3872 923 3924 nihii
939 3872 1004 3940 fere,
1024 3875 1127 3924 demum
1146 3875 1175 3924 in
1188 3873 1275 3925 attera
1293 3873 1348 3925 edi-

232 3945 302 3996 tione
326 3960 352 3998 a.
374 3944 449 3998 1265.
476 3944 601 4010 Ahapcri
620 3949 644 3995 et
664 3943 767 3995 Chr·isti
791 3944 915 4010 epistolas
938 3947 1050 4012 spurias
1067 3951 1090 3996 ct
1105 3945 1272 4012 paucissima
1290 3945 1348 3995 olio

232 4017 380 4082 cumripsit,
400 4030 480 4082 quarn
498 4013 606 4066 necdum
618 4014 741 4066 habuisse
753 4013 865 4076 ridetur,
883 4031 942 4066 cum
958 4017 1077 4082 primm
1095 4017 1269 4068 recensionem
1281 4017 1349 4067 scri·

195 4085 308 4150 toherd,
326 4093 420 4138 ncctm
438 4101 496 4137 eam
514 4087 626 4150 demum,
645 4092 785 4152 annonam
803 4087 915 4138 emunda
934 4085 1034 4138 librum
1052 4086 1143 4140 uteret.
1216 4085 1244 4150 4)
1265 4087 1349 4138 Cuius

231 4158 370 4224 inscriptio
394 4161 448 4208 est:
476 4153 631 4226 Epythome
651 4153 763 4208 Eusebii
788 4155 822 4208 de
846 4157 970 4224 sequenti
996 4173 1087 4225 opere.
1108 4157 1213 4208 -Nec
1233 4158 1348 4223 Frntotfi

232 4244 312 4296 ncqcu
329 4227 491 4280 Ektcehcrdi
508 4228 607 4280 librum
623 4229 710 4279 sctum
729 4227 771 4279 hic
788 4227 869 4280 codes
886 4231 1007 4294 continet,
1026 4229 1072 4280 snt
1083 4229 1199 4292 Frmtctli
1212 4244 1278 4296 opus
1291 4245 1348 4280 anr-

229 4300 347 4368 pliatnm
365 4300 523 4352 recensionis
536 4299 561 4351 B
579 4315 637 4350 cum
655 4300 854 4351 continuatione
866 4298 1028 4352 Ehkehcrdi
1045 4305 1068 4351 et
1086 4299 1274 4352 odddanrentis
1291 4303 1349 4352 etus

231 4371 343 4438 aliisque
365 4375 484 4437 (praeter
508 4369 690 4423 additamenta
715 4369 942 4438 Erphcrdensto).
979 4370 1041 4424 ldeo
1058 4371 1220 4424 Ekkehmdi
1242 4373 1349 4424 nomine

194 4442 301 4494 eohnnc
319 4441 416 4493 librum
434 4457 536 4509 smrcper
553 4443 639 4496 citari.
