3214 4990
287 489 342 544 488
686 481 854 538 ORONIOA
871 480 1005 538 MINOR.

289 668 414 749 quidem
436 669 538 732 decem
560 666 681 746 fratres
696 665 846 730 Minores
863 664 1070 746 uoruiuaoitl,
1095 665 1150 746 aui
1172 687 1203 728 a.
1222 671 1312 729 1224.
1333 665 1403 748 ipso

289 758 365 822 duce
396 756 616 837 Erphorde'am
645 754 802 819 uenientes
831 760 1013 819 couoeutum
1042 754 1094 818 sut
1128 753 1253 819 ordinis
1285 753 1403 820 ibidem

288 845 513 925 fundaverunt,
544 865 642 925 neque
672 849 776 909 tamem
804 843 917 907 torum
938 863 1124 924 quenrquom
1144 849 1218 924 post
1238 843 1306 922 fere
1328 865 1402 924 oua-

289 933 440 1017 drapiuta
469 953 572 998 anuos
601 929 772 997 chronicon
800 931 916 997 ibidem
945 931 1168 1012 conscripsisse
1195 931 1292 1011 facite
1316 933 1402 997 crecti

281 1029 392 1104 potest,
416 1043 480 1102 uec,
504 1021 534 1086 se'
557 1020 742 1103 scripsisset,
766 1041 835 1085 eum
858 1019 942 1084 tuter
955 1019 1028 1084 aue
1050 1021 1153 1085 mecm
1174 1020 1314 1102 reperire
1331 1042 1426 1103 pos-s

287 1132 400 1176 sunus.
447 1109 668 1192 Necrotopr'um
690 1109 774 1173 euim
803 1115 834 1173 et
854 1115 961 1174 cartae
983 1108 1108 1173 arctim
1129 1109 1271 1188 fratrum
1294 1109 1402 1175 Me'uo

287 1221 360 1264 rum
374 1197 649 1281 Erptordeusium
670 1197 739 1277 fere
761 1217 875 1279 moues,
898 1198 982 1262 uude
997 1219 1110 1262 uomeu
1132 1198 1272 1263 auctoris
1294 1219 1402 1263 eruere

282 1309 453 1370 possemus,
472 1287 669 1370 pericruut2,
693 1307 791 1368 meam
807 1285 922 1350 librum
945 1285 982 1351 iu
999 1287 1055 1351 hoc
1078 1293 1229 1352 couoeutu
1251 1286 1402 1368 scriptum

288 1397 447 1459 superesse
468 1397 604 1457 respuam
626 1374 696 1457 Iepi.
743 1375 815 1439 Hoc
837 1375 936 1438 sotum
959 1381 1088 1456 constat,
1120 1381 1278 1440 auctorem
1307 1397 1400 1457 quom

289 1465 425 1531 domim
449 1464 551 1529 Itolc'c
573 1463 674 1544 fuisse
703 1469 732 1528 ct
754 1463 946 1545 praesertim
968 1463 1098 1544 Romae,
1128 1470 1163 1528 ut
1186 1463 1438 1534 conseerarunt

288 1561 341 1634 est,
377 1553 516 1636 loupiore
550 1559 682 1635 tempore
710 1559 867 1617 moratum
896 1573 970 1617 esse.
1025 1552 1149 1618 Vidisse
1178 1552 1264 1617 euim
1293 1559 1402 1618 auctor

288 1643 412 1707 videtur
440 1641 597 1707 cr'm'tatem
620 1640 758 1722 Perosis)
787 1661 882 1722 quam
908 1640 948 1705 tu
969 1647 1072 1705 moute
1094 1641 1235 1722 positam
1257 1663 1322 1706 esse
1344 1644 1401 1706 sub

288 1754 318 1797 a.
340 1737 434 1794 1215.
458 1737 538 1796 recte
561 1729 671 1796 dicut
718 1730 839 1796 Romae
861 1730 1027 1812 sepulchro
1042 1730 1185 1795 Houorr'r'
1201 1730 1276 1794 ΙΙΙ.
1294 1751 1401 1812 papae

288 1819 325 1885 iu
355 1819 484 1885 ecclesio
507 1819 541 1885 S.
558 1817 692 1883 Mariae
714 1818 846 1883 Maiore
875 1825 905 1882 et
931 1818 1082 1899 Greporr'r'
1106 1819 1173 1884 IX.
1204 1819 1242 1883 c'u
1272 1819 1399 1884 molesia

290 1910 323 1974 S.
341 1909 430 1974 Petri
451 1908 490 1973 ire
508 1907 663 1973 Vaticano
681 1907 759 1989 putu
782 1906 906 1988 uiderit,
930 1907 1073 1972 dubitari
1087 1908 1203 1990 aequit,
1228 1930 1297 1973 cum
1312 1929 1401 1973 usuro
1412 1936 1437 1975 ns

288 1998 382 2077 attus,
416 1999 500 2080 quod
531 1995 638 2078 sciam,
670 2002 734 2061 tam
762 1996 862 2078 ptam
895 2003 1060 2078 exacthue
1093 1997 1131 2061 de
1163 1997 1215 2061 his
1248 1997 1399 2062 retulerit.

287 2087 408 2151 Romae
437 2085 532 2151 ettam
561 2107 630 2150 auu
660 2085 813 2166 capellam
839 2083 985 2151 Gerberte'
1014 2084 1130 2149 uidisse
1160 2107 1275 2165 censeo,
1306 2107 1399 2166 quam

287 2176 371 2240 mter
394 2175 592 2240 Lateranum
621 2180 650 2238 et
677 2173 832 2239 Coliseum
861 2173 956 2238 sitam
984 2173 1086 2253 fuisse
1116 2173 1242 2239 dixerit.
1289 2174 1399 2238 Etiam

286 2263 354 2345 ipse
383 2263 463 2328 sctis
488 2263 588 2344 ptaue
617 2283 649 2327 se
671 2262 792 2327 Romae
814 2262 915 2341 fuisse
938 2263 1105 2344 professus
1127 2269 1179 2342 est,
1204 2285 1273 2327 cum
1296 2284 1318 2328 a
1340 2263 1400 2327 Ro

287 2352 395 2417 mauis
417 2351 454 2416 de
471 2352 608 2432 papissa
630 2350 691 2415 sibi
709 2353 865 2432 quaedem
886 2358 1025 2416 marrata
1042 2373 1108 2416 esse
1129 2350 1329 2432 iudicaverit,
1353 2351 1437 2419 imno

288 2440 417 2522 puteus:
439 2445 479 2504 ut
501 2441 658 2505 fetentur
673 2441 829 2504 Romani.
860 2440 1010 2521 Idemque
1031 2439 1138 2504 multis
1160 2439 1237 2504 locis
1259 2447 1399 2521 apparet,

288 2528 413 2594 etiamsi
434 2527 595 2593 mittamus
617 2549 676 2610 eos,
700 2549 777 2610 quos
799 2549 838 2593 ea
860 2527 937 2593 atris
960 2529 1053 2594 libris
1080 2528 1198 2610 r'puotis
1221 2535 1330 2594 auctor
1352 2531 1400 2593 cle·

287 2617 450 2699 compsisse
466 2617 576 2698 possit,
600 2623 636 2682 ut
648 2617 704 2682 ubi
719 2616 797 2682 dicit
813 2617 979 2698 pontifices
996 2620 1033 2681 in
1048 2625 1199 2682 montem
1217 2619 1398 2702 Tarpeium

288 2707 332 2770 nd
348 2728 460 2772 arcem
476 2707 570 2770 urbis
581 2707 699 2784 Rome,
716 2707 848 2771 scilicet
863 2708 900 2769 in
913 2707 1122 2791 Capitolium
1134 2705 1242 2770 oeur're
1254 2705 1399 2786 reiecisse,

288 2801 317 2860 et
338 2796 394 2860 sub
418 2816 447 2859 a.
462 2799 536 2875 368,
559 2793 615 2859 ubi
637 2795 675 2860 de
697 2795 831 2860 basilica
854 2794 891 2860 r'u
906 2795 1097 2861 catacumbis
1119 2817 1140 2858 a
1155 2795 1300 2860 Damaso
1309 2817 1437 2876 papam

287 2884 513 2967 sauciataque
537 2885 638 2948 modo
661 2889 723 2962 est,
754 2883 868 2965 iuquit,
899 2885 960 2948 ubi
982 2885 1115 2967 quescit
1137 2891 1276 2949 sanetus
1301 2885 1400 2950 Sebe-

288 2975 419 3038 stinnus
450 2973 600 3037 martiri
647 2973 768 3037 Italum
799 2993 871 3037 uero
900 2971 1001 3052 fuisse
1030 2979 1188 3038 auctorem
1216 2993 1272 3038 cur
1295 2975 1400 3038 creda·

287 3129 391 3198 quidun
409 3129 536 3182 Oroutcae
548 3129 666 3180 Minores
683 3129 792 3181 codicem
809 3129 890 3191 iufra
908 3129 959 3183 Dl
980 3128 1077 3180 dictum
1097 3129 1183 3194 tepens
1200 3135 1224 3181 et
1241 3145 1299 3182 eom
1317 3130 1401 3181 inuti·

287 3207 343 3252 tam
359 3217 412 3253 esse
430 3203 555 3267 opinatus
579 3202 609 3251 ἐπ
628 3200 801 3252 ‘Munehener
817 3200 868 3265 pel.
885 3200 1034 3266 Auzetpeu'
1055 3202 1131 3256 1846.
1153 3217 1183 3267 p.
1205 3203 1282 3256 1011.
1306 3217 1363 3253 eom
1383 3215 1401 3250 a

287 3272 378 3336 fratre
396 3271 522 3324 Iacobo
540 3272 571 3323 de
583 3272 707 3337 Auprcsta
724 3273 894 3339 compositam
909 3287 963 3323 esse
974 3271 1053 3325 treet.
1069 3300 1100 3310 —
1114 3271 1290 3340 lusorrpttmse
1307 3271 1437 3324 codtctseo

288 3343 375 3398 135³:
394 3340 498 3410 Incipit
516 3341 626 3395 cronica
644 3340 831 3394 Romanorum
850 3345 878 3394 et
897 3345 937 3394 est
955 3340 1059 3394 domini
1077 3339 1205 3394 Falconis
1226 3358 1400 3410 possessorem

288 3414 360 3478 lteri,
378 3429 432 3466 uou
450 3419 591 3476 auctorum
610 3414 729 3464 iudicari
745 3428 819 3464 nemo
837 3427 892 3464 uou
909 3413 984 3467 violet.
1041 3415 1066 3480 1)
1089 3413 1116 3467 G.
1130 3415 1173 3476 40,
1192 3413 1333 3467 ‘semem
1353 3413 1401 3465 der

288 3485 342 3550 kpl.
361 3483 451 3538 Sectis.
473 3485 531 3538 Ges.
549 3484 575 3538 d.
590 3483 676 3542 Wiss!
695 3483 760 3535 XII
773 3484 938 3548 (Post-otu.
958 3484 998 3538 Gt.
1015 3484 1059 3550 V),
1078 3502 1107 3552 p.
1127 3486 1180 3539 534
1192 3501 1248 3551 sq.;
1273 3485 1400 3536 Analecta

287 3556 472 3607 Frauce'scona
489 3555 517 3621 I,
540 3573 569 3623 p.
591 3558 632 3610 12.
721 3555 749 3621 2)
770 3555 812 3618 Cf.
833 3555 866 3606 G.
885 3556 918 3608 A.
937 3573 961 3610 o.
979 3555 1149 3608 Mutoersteclt
1173 3558 1203 3606 e'u
1222 3555 1354 3608 ‘uerunt
1373 3555 1399 3608 d.

292 3627 351 3678 Ver.
370 3626 392 3690 f.
411 3627 437 3680 d.
458 3626 548 3680 Gesctr.
567 3641 589 3679 o.
610 3625 726 3690 Erfurt’
745 3625 799 3687 ΙΙΙ,
822 3641 851 3692 p.
873 3628 931 3682 155.
1012 3628 1039 3691 3)
1060 3627 1184 3678 Furasse
1203 3630 1282 3679 ettam
1300 3627 1436 3694 Pape'aeet

286 3702 409 3750 moratus
432 3697 472 3749 iti
491 3699 674 3762 Aupusts'uum
698 3697 873 3765 sepultum
898 3713 951 3749 esse
975 3698 1076 3763 didicit,
1102 3703 1132 3748 ut
1156 3700 1196 3749 ott
1220 3697 1269 3749 sut
1294 3714 1318 3752 a.
1338 3701 1399 3753 437.

287 3769 358 3820 Nam
377 3768 403 3820 si
419 3785 453 3820 ea
468 3768 522 3820 alto
540 3767 608 3820 libro
625 3767 673 3819 hoe
684 3769 849 3834 monacisca,
867 3785 926 3820 eum
939 3769 1054 3835 Papiam
1066 3769 1227 3820 translatum
1239 3785 1292 3822 esse
1303 3771 1400 3820 rectius

288 3839 413 3892 dixisset.
483 3838 512 3906 4)
531 3839 604 3890 Idem
622 3841 701 3891 etiam
718 3837 850 3907 motatur
868 3842 904 3892 r'r's
921 3855 988 3906 quae
1005 3839 1054 3890 sub
1073 3841 1246 3892 Constantino
1259 3839 1360 3906 Mupuo
1377 3845 1400 3892 et

288 3909 417 3964 Silvestre
444 3908 467 3964 Ι.
494 3925 571 3978 papa
597 3911 628 3962 de
657 3909 789 3963 otarius
818 3911 940 3962 basilicae
967 3911 1204 3964 Constantinum
1233 3917 1257 3963 et
1285 3911 1401 3965 mameae

287 3981 316 4032 S.
336 3979 470 4034 Iohannis
491 3981 682 4033 Laterauuesis
706 3981 777 4045 dicit,
800 3997 859 4033 cum
883 3982 932 4034 ue
956 3999 981 4034 a.
1000 3984 1061 4036 337.
1085 3983 1186 4034 dicerit
1208 3983 1306 4045 festum
1331 3985 1436 4035 uim'sto

286 4051 402 4103 adhuc
420 4051 520 4105 Romae
531 4053 666 4106 celebrari.
694 4052 749 4104 Sui
767 4068 791 4106 o.
802 4055 862 4108 628.
881 4055 1026 4105 nominavit
1038 4054 1159 4106 undecim
1172 4069 1286 4120 corpora
1297 4059 1401 4105 saucto-

286 4137 358 4186 rum,
385 4137 452 4188 quae
478 4124 508 4174 ἐκ
530 4124 635 4176 ecclesio
660 4125 687 4176 S.
707 4123 830 4175 Adriani
855 4125 978 4176 Romam
1003 4131 1092 4179 essent.
1136 4124 1191 4176 Sub
1218 4125 1343 4178 Silvestre
1361 4123 1399 4178 ΙΙ.

286 4193 415 4245 meusium
434 4193 584 4246 Rornauam
601 4195 698 4246 dictam
717 4194 861 4247 Ierusalem
880 4197 1068 4248 monasterium
1086 4197 1254 4262 repulsurum
1272 4211 1320 4247 suo
1338 4201 1401 4247 tem·

282 4279 349 4330 pore
361 4263 446 4327 fuisse
463 4265 606 4319 domavit.
637 4265 764 4318 Fortasse
781 4267 860 4318 etiam
879 4268 934 4332 ipse
947 4267 1045 4318 Romae
1062 4267 1188 4334 comperit
1205 4267 1275 4334 quod
1290 4265 1337 4318 sub
1351 4267 1401 4318 Ge·

287 4335 356 4386 laeto
367 4333 391 4387 Ι.
410 4333 489 4386 dua:
527 4351 579 4404 eps
597 4347 606 4390 .’
624 4378 630 4391 .
650 4379 656 4390 .
676 4334 723 4388 dat
741 4335 959 4389 benedictionem
978 4335 1136 4403 frequenter
1154 4337 1224 4390 hanc
1243 4344 1296 4402 etc,
1314 4343 1338 4390 ct
1353 4339 1436 4391 subm

288 4406 417 4472 Grcporr’o
434 4405 466 4458 I:
523 4421 556 4458 oo
575 4449 582 4461 .
602 4447 609 4460 .
630 4449 635 4462 .
655 4405 777 4460 officinm
802 4423 887 4476 usque
906 4406 994 4460 adhuc
1012 4406 1088 4460 curin
1106 4425 1161 4462 non
1180 4409 1291 4477 recepit,
1313 4414 1336 4461 et
1354 4407 1401 4462 sub

286 4476 438 4529 Zacharia:
457 4493 541 4544 usque
560 4476 648 4530 adhuc
666 4477 741 4532 euris
758 4482 834 4531 tenet
852 4476 927 4533 illud.
