3208 5006
309 443 360 495 736
528 437 646 494 LIBER
665 438 915 496 ORONIOORUM
933 439 1204 498 ERFORDENSIS.

308 621 419 688 classis
456 643 556 687 uuum
594 628 717 687 tannem
754 621 870 688 tibrum
907 622 1078 690 habeamus
1084 675 1093 706 ,
1133 624 1294 690 lectionem
1326 624 1429 707 iqitnr

307 710 469 794 archetypi
492 710 560 776 eius
581 711 695 794 ubique
718 711 883 794 percipere
905 732 970 777 non
992 713 1163 778 caleamus.
1210 713 1273 778 Via
1301 735 1427 778 monen-

307 801 381 865 dum
403 807 456 880 est,
480 800 576 865 immo
598 820 689 865 nemo
710 821 776 866 non
789 801 874 865 ridet
895 801 969 881 fieri
985 801 1166 885 oportuisse,
1189 809 1225 867 ut
1239 823 1316 867 casn
1331 801 1427 867 etiam

306 889 344 954 in
367 887 524 955 codicibus
546 889 746 954 diuersorum
775 887 924 956 etardum
954 889 1085 956 librarii
1113 893 1222 957 eadem
1245 899 1425 973 peccarent.

414 978 575 1043 Karotum
596 978 716 1043 Wench
738 977 836 1043 secuti
865 977 991 1044 titutum
1020 979 1102 1044 bibra
1130 979 1307 1045 indidimus
1335 999 1465 1062 quemi

306 1068 391 1132 sotus
413 1069 509 1132 codes
532 1073 551 1130 3
569 1068 710 1149 praebet,
733 1066 843 1132 addito
866 1067 992 1132 nornine
1014 1067 1083 1150 toci,
1108 1089 1168 1150 qao
1190 1069 1307 1134 tibrum
1329 1068 1426 1150 scrip

307 1162 372 1220 tum
394 1177 459 1222 esse
482 1162 612 1222 constat.
658 1156 757 1222 Hune
779 1155 904 1220 titutum
926 1158 966 1222 ab
988 1157 1057 1240 ipso
1080 1164 1206 1223 anctore
1228 1159 1426 1224 detumesce

305 1245 377 1310 inre
397 1244 537 1311 couiccre
553 1251 651 1327 potes,
675 1265 745 1310 eum
767 1244 837 1310 abia
852 1244 1071 1311 additamenta
1084 1246 1181 1312 huius
1196 1246 1273 1312 libri
1288 1247 1425 1312 ciusdem

306 1355 372 1399 esse
391 1333 574 1400 viderimus.
617 1335 720 1415 Quam
734 1354 806 1400 vcro
822 1333 940 1416 reliqui
954 1334 1031 1400 iibri
1046 1335 1162 1400 habent
1175 1335 1422 1418 immphmm,

307 1445 328 1488 a
343 1423 715 1502 Frntotfo·Ehhcharda
734 1429 898 1504 receptam,
916 1423 1097 1490 Cronicam
1113 1425 1263 1503 Eusebii,
1279 1445 1345 1490 non
1359 1445 1424 1489 esse
1436 1453 1467 1491 ιο

307 1519 414 1594 aptam
437 1514 481 1577 ad
503 1512 619 1578 tibrum
641 1511 878 1578 inscribendae
900 1511 1020 1578 mactis
1036 1519 1135 1594 petet.

414 1601 501 1667 Saue
517 1599 717 1682 panaissim
738 1607 821 1681 sunt,
844 1622 925 1683 qaae
948 1601 999 1666 hic
1028 1601 1109 1668 tiber
1137 1603 1177 1667 ab
1206 1601 1324 1684 iquotis
1352 1623 1425 1667 auo-

307 1690 427 1756 toribus
449 1689 570 1755 tradita
592 1689 692 1770 habet,
716 1697 855 1756 attamen
877 1711 947 1756 eam
969 1692 1166 1756 amendatum
1187 1690 1226 1757 in
1254 1690 1338 1756 hanc
1366 1691 1424 1756 eot-

307 1778 467 1844 tectiouem
499 1778 715 1860 recipiendum
748 1799 814 1844 csse
842 1779 936 1860 duni,
971 1801 1042 1844 cnm
1070 1779 1173 1844 maior
1202 1800 1309 1846 eornm
1343 1801 1424 1861 qnae

307 1868 464 1934 edidimus
479 1889 563 1949 pars
584 1868 673 1932 haud
694 1867 795 1950 parri
816 1867 964 1934 momenti
992 1867 1037 1933 sit
1064 1870 1109 1935 ad
1135 1867 1303 1935 Granicam
1326 1867 1465 1936 Boin-1⁵

307 1957 617 2023 hardsbrnnnensem
658 1955 884 2022 restituendam
895 1958 915 2021 1.
981 1956 1111 2023 Constat
1152 1957 1278 2040 quidem
1318 1957 1424 2038 ipsam

307 2066 402 2129 qnam
423 2046 572 2111 habemus
593 2044 762 2111 Oronieam
777 2045 1183 2128 Reiuhardsbrunnensaa,
1206 2067 1272 2111 non
1288 2046 1425 2111 annates

307 2135 511 2218 antiquiores,
541 2141 577 2200 at
607 2133 666 2200 Ott.
690 2135 817 2200 Lorenr
845 2134 1021 2200 somniatus
1049 2141 1095 2200 est
1103 2137 1123 2217 ²,
1153 2136 1237 2200 hunc
1266 2141 1425 2201 auctorem

307 2223 517 2307 exscripsisse,
541 2225 597 2289 sed
618 2245 688 2289 enm
709 2223 769 2288 itta
796 2223 918 2306 metita,
949 2223 1065 2304 lacera,
1089 2244 1246 2305 perquam
1275 2229 1425 2306 corrupta

308 2313 400 2378 unico
423 2313 479 2394 qui
501 2319 602 2378 exstat
624 2312 727 2378 codice
750 2312 841 2378 uobis
856 2311 977 2378 tradita
999 2313 1050 2393 sit,
1067 2313 1211 2394 oportuit,
1228 2318 1265 2377 nt
1277 2313 1329 2378 hic
1343 2311 1463 2380 tibersa

307 2402 452 2466 omnibus
466 2401 617 2466 subsidiis
632 2400 787 2467 adhibitis
806 2403 988 2467 ernendatns
1003 2402 1179 2483 haberetur,
1202 2407 1238 2466 nt
1250 2401 1310 2466 iiio
1325 2421 1424 2482 quan·

307 2496 371 2555 tam
394 2489 467 2570 fieri
485 2490 590 2572 potnit
603 2490 828 2556 restitueretur.
872 2491 952 2555 Tum
966 2511 1039 2556 cero
1053 2489 1237 2572 fraqmenta
1253 2489 1423 2555 annalium

305 2578 555 2658 Erfordensium
569 2579 618 2644 od
632 2578 770 2644 otiorum
784 2578 1024 2661 deperditarum,
1041 2599 1121 2661 quac
1136 2578 1262 2662 partim
1276 2578 1314 2643 iu
1328 2584 1422 2658 beatu,

302 2667 424 2749 partim
453 2667 490 2732 in
513 2667 684 2749 appendice
714 2667 790 2733 iibri
819 2667 975 2734 habentur
1003 2675 1033 2733 et
1060 2667 1098 2733 in
1127 2667 1230 2734 cortice
1260 2674 1279 2732 3
1311 2665 1423 2733 addita

307 2758 461 2839 loquutur,
485 2756 686 2838 aliquantum
702 2757 844 2838 pretimn
866 2756 941 2822 huie
964 2757 1044 2822 libro
1067 2756 1217 2836 afferunt.
1433 2785 1460 2825 es

414 2845 513 2910 Liber
536 2845 733 2912 cronicorum
755 2844 791 2911 in
819 2845 997 2912 (immania
1019 2844 1258 2928 septentriouaii
1280 2851 1311 2910 ct
1328 2865 1423 2926 prae·

306 2934 415 3000 sertim
437 2934 474 3000 in
500 2934 687 3018 Thurinqia
708 2936 798 3000 haud
812 2955 933 3016 parum
955 2937 1101 3018 aequm
1122 2941 1200 3015 crat,
1229 2933 1310 3000 sicud
1338 2933 1424 2999 enim

306 3025 395 3090 haud
410 3045 531 3105 paucos
553 3023 621 3089 eius
642 3023 760 3089 codices
775 3023 932 3105 habemus,
956 3024 1003 3088 ita
1018 3045 1040 3087 a
1055 3023 1205 3106 pluribus
1219 3021 1425 3105 scriptoribus

307 3113 482 3195 exscriptus
515 3119 574 3194 est,
609 3134 649 3178 ae
675 3113 784 3194 primo
818 3135 839 3178 a
871 3112 976 3192 fratre
1005 3112 1131 3177 ordinis
1159 3111 1422 3177 Praedicatarnm

308 3201 494 3268 Isenaccnsi
516 3224 546 3266 a.
575 3207 668 3265 1395.
692 3201 731 3266 in
758 3200 897 3267 (ironica
923 3201 1173 3283 Thurinqormn,
1203 3207 1239 3265 ut
1265 3201 1301 3266 0.
1326 3200 1460 3266 Possem

307 3468 409 3533 falsam
428 3467 557 3518 tectionem
572 3466 724 3519 inciderent.
751 3465 953 3531 Nonnunquam
965 3465 1081 3529 fortasse
1098 3466 1179 3516 etiam
1191 3465 1314 3516 mendum
1331 3463 1424 3515 arche-

308 3540 367 3606 typi
382 3540 413 3589 in
431 3537 535 3588 duabus
552 3537 682 3588 classibus
699 3537 838 3602 repetitum
856 3537 886 3586 in
903 3550 960 3586 una
977 3541 1044 3588 recte
1061 3541 1205 3587 ammodum
1222 3540 1267 3589 est.
1335 3536 1360 3602 1)
1380 3535 1424 3586 Ad

307 3627 387 3677 quam
406 3609 530 3662 cdcndcun
547 3624 605 3661 cnm
621 3608 734 3658 adhibui
745 3606 793 3661 sS.
803 3606 895 3671 XXX,
909 3622 940 3672 p.
953 3608 1013 3662 510.
1052 3606 1118 3658 Oum
1136 3611 1198 3658 tunc
1216 3607 1299 3658 libros
1311 3605 1422 3672 Lupin-

307 3697 411 3733 ncnsem
432 3681 470 3747 (1)
489 3685 512 3731 et
530 3679 737 3732 Wiesbedenscm
754 3677 793 3748 (3)
813 3678 928 3730 norrdnm
947 3677 1121 3743 conculam,
1139 3693 1325 3744 nonnusquam
1343 3675 1424 3728 Libri

307 3753 473 3804 cronicorum
493 3751 624 3804 lectionem
643 3751 731 3814 attuli,
756 3765 837 3816 quam
855 3764 927 3800 nunc
950 3749 1110 3802 reiciendum
1134 3764 1188 3800 csse
1212 3749 1338 3812 intellexi,
1361 3755 1458 3814 per-ss

308 3825 419 3892 spr'er'eus
446 3839 503 3874 mur
531 3821 683 3888 aliquorum
707 3820 823 3872 codicum
847 3835 908 3888 csse,
934 3835 989 3871 non
1013 3820 1046 3870 ab
1072 3822 1129 3887 ipso
1156 3827 1263 3872 andare
1286 3820 1424 3885 scriptam.

307 3898 335 3960 2)
359 3895 424 3958 ‘GQ
448 3895 496 3946 der
518 3893 634 3945 Prooinc
658 3891 788 3944 Saehscn'
812 3891 836 3958 I,
860 3894 883 3958 1,
905 3907 935 3958 p.
956 3893 1109 3946 197-200.
1134 3895 1158 3942 n
1184 3889 1349 3954 ‘Zeitschrift
1373 3889 1424 3952 fiir

308 3968 351 4018 dte
380 3965 529 4019 bsterreictr.
559 3963 732 4028 Gymnusien’
759 3962 789 4029 1,
817 3979 847 4030 p.
874 3963 982 4017 1-16.
1032 3961 1116 4014 Oreine
1144 3977 1249 4014 mrores
1279 3963 1423 4012 raeccrnnt

310 4037 342 4091 G.
367 4037 464 4101 Waitz,
493 4035 682 4087 ‘Nochrichtm
707 4049 756 4086 oon
782 4035 830 4086 der
847 4034 910 4100 in.
932 4033 1105 4097 Gcseltschofi
1129 4033 1178 4084 dar
1204 4033 1280 4086 Wiss.
1305 4048 1340 4083 eu
1360 4031 1423 4082 Git-

308 4108 406 4174 tinqen'
433 4109 510 4163 1870.
534 4123 562 4174 p.
581 4107 735 4162 481-489.
760 4110 783 4156 et
809 4105 889 4158 ‘oon
913 4104 1026 4170 qctchrte
1050 4104 1198 4170 Anzeiqen'
1221 4105 1298 4158 1871.
1322 4119 1351 4168 p.
1373 4104 1458 4156 17140

309 4182 418 4246 -1813
448 4177 477 4233 0.
502 4179 593 4244 Posse,
623 4179 682 4228 ‘Die
706 4175 991 4229 Rcinhardtsbrunner
1017 4174 1274 4228 Gesohichtsbdohcr'
1299 4173 1424 4241 (Leipziq

311 4252 391 4310 1872)
415 4267 444 4315 p.
466 4252 499 4304 13
517 4265 574 4316 sq:
602 4249 629 4302 C.
655 4248 764 4311 chete‚
793 4246 855 4299 ‘Dic
881 4247 1049 4312 Entstebnuq
1075 4247 1123 4298 der
1150 4244 1424 4298 heinhardsbrmnner

310 4320 566 4373 Geschr‘chtsbrtcher'
585 4319 678 4384 (Haila
697 4321 779 4385 1878)
792 4336 822 4387 p.
834 4319 869 4372 49
881 4333 920 4384 sq.
939 4325 962 4371 ct
982 4317 1147 4380 ‘Zeitschrift
1164 4319 1190 4372 d.
1207 4317 1236 4372 V.
1255 4316 1423 4381 fiscanna.

310 4392 400 4442 Gesch.
419 4392 455 4444 N.
474 4391 518 4444 F!
536 4391 587 4457 tr,
604 4394 713 4458 p-1913
732 4404 777 4457 eqo
795 4392 851 4456 ipsc
870 4389 914 4443 (Ν.
933 4389 1047 4441 Archio'
1065 4387 1146 4454 XXI,
1161 4406 1192 4456 p.
1205 4389 1258 4444 254
1269 4403 1307 4456 sq,
