3214 4990
328 443 381 498 502
729 439 896 495 GRONIOA
914 439 1048 496 MINOR.

327 621 412 687 lictis
421 623 442 704 ¹,
473 623 617 688 eontinet.
665 623 768 688 Nulla
801 621 896 705 mpno
927 620 1142 688 distinctionis
1165 629 1296 704 praeter
1324 623 1447 689 litteras

327 711 471 776 initiales
500 711 602 776 minio
623 711 759 794 scn'ptas
782 711 898 792 posita,
928 733 1021 792 saepe
1043 711 1138 776 ettam
1160 711 1257 776 initia
1279 711 1447 777 sententia·

327 820 400 864 rum
422 821 487 864 non
502 800 616 865 titteris
638 800 825 865 maiusculis
846 799 998 866 distincto
1020 805 1101 864 suut.
1139 801 1216 864 Non
1238 807 1367 882 constat,
1391 801 1447 866 ubi

327 889 464 970 scriptus
486 889 558 953 sith
596 889 761 954 Nonnulla
785 910 866 970 quae
888 889 932 954 ad
954 887 1097 954 ordinem
1119 889 1261 968 fratrum
1277 889 1447 954 Minorem

327 983 469 1059 specim
490 977 607 1043 omisso
629 983 712 1042 sunt.
1455 997 1470 1036 e

433 1067 468 1131 Β
482 1061 536 1150 1¹³)
564 1066 669 1132 Oodeu
683 1065 933 1130 Matseensis
956 1066 1001 1130 4⁰.
1025 1087 1105 1132 saec.
1125 1066 1226 1146 XIV,
1251 1065 1307 1148 qui
1328 1066 1447 1132 dicitur

327 1154 428 1220 Liber
449 1155 668 1236 traditionum,
698 1175 764 1219 uon
787 1154 924 1219 continet
945 1154 1049 1235 ipsam
1077 1155 1248 1221 Cronicam
1270 1155 1444 1237 Minorem,

327 1244 383 1308 sed
402 1267 438 1327 p.
468 1250 528 1309 183
552 1265 617 1325 sqq.
649 1242 899 1324 compilationem
936 1243 974 1307 in
1002 1243 1058 1307 illo
1091 1245 1281 1310 monasterio
1313 1245 1444 1324 factam,

327 1335 365 1398 de
392 1353 456 1415 qua
485 1333 535 1398 W.
560 1333 671 1398 Erben
695 1331 749 1396 ‘N.
773 1331 908 1397 Archio'
928 1331 1054 1413 XXII,
1080 1354 1115 1414 p.
1133 1337 1197 1397 445
1214 1354 1278 1415 sqq.
1310 1335 1445 1398 luculen-

326 1421 447 1487 tissime
476 1421 546 1504 epit.
598 1421 660 1503 Qui
688 1421 793 1486 docent
827 1422 917 1502 loupe
949 1421 1102 1486 maiorem
1130 1428 1256 1502 portem
1291 1421 1445 1488 Oronicae
1455 1445 1483 1484 ιο

327 1517 454 1576 nostrae
483 1533 553 1575 crau
577 1510 726 1591 portibus
749 1509 1020 1576 continuationum
1044 1511 1080 1576 V.
1105 1517 1134 1575 et
1160 1511 1216 1575 VI.
1248 1517 1277 1575 et
1299 1510 1445 1576 Bohemi-

327 1601 404 1666 coe8
424 1599 473 1665 ibi
495 1599 685 1681 descriptam
707 1619 781 1664 esse.
830 1599 866 1663 V.
896 1598 943 1664 ct.
974 1599 1025 1664 W.
1049 1599 1160 1664 Erbeu
1193 1599 1277 1665 hunc
1310 1599 1445 1664 codicem

327 1709 397 1753 cum
426 1688 562 1754 editione
590 1695 702 1753 nostro
723 1687 836 1770 priore
865 1689 905 1752 ab
935 1710 965 1752 a.
987 1693 1061 1752 700.
1092 1687 1262 1768 incipiente
1291 1710 1321 1752 a.
1352 1694 1442 1753 1887.

328 1777 458 1842 contidit
479 1784 509 1843 et
531 1783 643 1860 portes
665 1775 916 1842 continuationis
938 1775 1128 1842 Bohemicoe
1151 1797 1189 1841 eu
1212 1797 1246 1841 eo
1268 1776 1443 1858 descripsit,

327 1867 383 1948 qui
412 1867 542 1932 schedas
571 1887 646 1931 suas
675 1865 712 1930 in
738 1887 822 1930 noua
850 1864 911 1930 hac
940 1864 1075 1930 editione
1102 1865 1300 1931 adhibendae
1322 1887 1445 1931 sumnia
1456 1885 1482 1926 1o

327 1977 398 2022 mem
420 1955 631 2020 benevolentia
647 1954 797 2036 precanti
817 1953 899 2018 mihi
921 1953 1109 2018 transmisit.

435 2045 613 2110 Secundam
655 2044 785 2109 classem
823 2043 963 2108 codicum
999 2041 1193 2108 recensionis
1230 2043 1313 2108 anni
1349 2049 1443 2108 1265.

326 2132 454 2213 faciunt
476 2132 596 2198 codices
618 2131 651 2196 Β
667 2139 696 2196 2.
716 2137 769 2196 2⁸.
789 2138 818 2195 3.
865 2132 910 2196 In
932 2130 984 2196 hos
1007 2132 1169 2213 pleraque,
1194 2152 1274 2212 auae
1296 2134 1341 2198 ad
1362 2133 1445 2198 ordi-

327 2243 399 2287 nem
420 2223 562 2302 frotrmu
584 2220 754 2285 Minorum
770 2219 942 2302 pertinent,
966 2219 1082 2284 omissa
1104 2227 1187 2302 sunt,
1211 2227 1339 2286 econtra
1361 2242 1445 2286 untes

327 2312 412 2376 locus
441 2311 479 2375 de
501 2309 695 2374 Bernhardo
722 2307 952 2375 Otoreoallenei
980 2311 1037 2374 sub
1060 2331 1090 2374 o.
1111 2314 1205 2373 1154.
1237 2310 1366 2375 additus
1389 2317 1480 2390 estse

326 2401 410 2463 unde
432 2398 649 2464 coniciendum
678 2405 723 2462 est
751 2399 954 2480 archetypum
982 2397 1096 2463 hmum
1125 2397 1223 2462 trium
1245 2399 1385 2464 codicum
1407 2399 1445 2464 in

326 2487 517 2552 monasterio
545 2489 682 2569 quodam
711 2486 837 2551 ordinis
863 2486 1082 2552 Cistercieusis
1104 2487 1255 2568 seriphum
1278 2509 1353 2552 esse.
1400 2488 1444 2552 In

327 2575 384 2640 hoc
399 2577 490 2641 nullo
505 2575 701 2640 continuatio
715 2575 829 2640 addita
844 2581 922 2656 erat,
945 2597 1023 2640 ruam
1037 2575 1075 2640 in
1089 2576 1124 2640 Β
1136 2581 1189 2638 2⁸·
1202 2571 1231 2652 ¹³,
1255 2577 1311 2659 qui
1325 2576 1444 2642 codices

327 2687 365 2730 eu
381 2667 485 2730 eodem
508 2665 588 2729 libro
611 2664 648 2729 in
663 2663 820 2729 Bohemia
834 2663 972 2746 sorrpt04
989 2663 1127 2748 profecti
1141 2671 1223 2746 eunt,
1248 2665 1443 2730 continuatio

327 2775 365 2819 eu
387 2753 532 2819 Martini
551 2753 760 2836 Oppaoiensis
779 2752 939 2818 Chronico
955 2752 1145 2835 pontificum
1167 2760 1197 2818 et
1216 2753 1478 2835 imperatorumue

327 2841 438 2908 tertiae
460 2842 610 2908 editionis
632 2841 788 2924 descripto
811 2842 933 2924 lepitur,
956 2842 991 2906 Β
1003 2849 1021 2906 3
1046 2842 1147 2908 aliam
1164 2845 1303 2926 praebet,
1327 2845 1365 2908 cle
1380 2864 1443 2924 qua

325 2930 420 3011 infra
442 2931 609 2997 dicendum
631 2937 685 2996 est.

431 3020 466 3084 Β
477 3019 509 3104 2)
537 3020 642 3086 (lodex
656 3019 948 3085 Berolinensis
964 3018 1164 3085 bibliothecae
1179 3019 1286 3102 repiae
1298 3022 1370 3084 Lat.
1384 3020 1438 3099 fol.

324 3131 376 3175 nr.
396 3116 468 3188 136,
493 3109 631 3175 chartac.
648 3110 715 3190 sol,
739 3130 819 3174 saec.
839 3109 940 3172 XVI.
957 3108 1029 3188 tue,
1054 3108 1129 3172 otim
1152 3109 1303 3174 Andreae
1325 3108 1442 3174 Hedia-

324 3197 390 3280 nis,
412 3199 608 3280 professoris
631 3197 755 3280 publici
783 3196 1037 3278 Reoiomontoni,
1069 3199 1144 3263 bene
1177 3219 1216 3263 ac
1249 3219 1314 3262 nou
1343 3197 1477 3262 nimisso

324 3290 469 3353 mendose
490 3288 597 3370 iyuoto
620 3288 684 3352 loco
707 3285 851 3369 scriptus,
882 3286 1107 3365 tes—135<
1140 3285 1309 3352 Granicum
1333 3286 1440 3350 Mino

193 3427 196 3438 .
323 3398 390 3442 rem
413 3398 482 3442 cum
505 3375 741 3441 continuatione
762 3375 829 3440 iam
852 3374 938 3440 dicto
960 3374 1105 3440 continet.

430 3465 464 3530 B
479 3463 535 3548 2⁸)
578 3465 682 3530 Ooden
719 3463 949 3546 Propensis
986 3463 1186 3529 bibliothecae
1222 3462 1441 3528 uniuersitatis

331 3555 434 3620 VIII.
451 3554 485 3618 Β
500 3560 549 3634 11,
573 3553 711 3618 chartac.
735 3553 802 3633 fot,
827 3573 906 3617 saec.
922 3551 959 3616 X
965 3553 1002 3617 V.
1026 3553 1062 3618 in
1081 3552 1239 3618 Bohemio
1262 3553 1439 3635 aquodam

327 3643 511 3709 Tschechico
532 3641 669 3722 scriptus
677 3643 698 3722 ⁶,
722 3640 968 3721 filos—196¹.
994 3641 1163 3707 Oronicom
1178 3641 1343 3706 Minorem
1370 3663 1475 3706 mmm

324 3854 350 3924 1)
369 3853 402 3908 F.
422 3855 465 3918 52,
491 3852 537 3906 col.
556 3855 582 3906 2.
605 3867 696 3905 neruis
718 3853 899 3918 melpathsu'mi
915 3849 1059 3905 Gallorum
1081 3851 1177 3905 levitae
1195 3858 1238 3907 etc.
1256 3854 1353 3920 scripti
1368 3857 1438 3904 suut.

321 3925 582 3992 munditenentem
593 3925 663 3975 anni
671 3925 748 3978 1421.
762 3925 792 3975 iu
807 3924 931 3988 Βηθανία
942 3926 1072 3989 scriptum
1085 3939 1137 3976 osse
1148 3925 1259 3978 orditur.
1308 3925 1335 3991 3)
1346 3923 1438 3975 Huius

318 4001 425 4062 pamm
442 4011 476 4048 ec
494 3994 540 4047 hoc
552 3995 637 4046 codice
655 3995 736 4046 edidit
752 3995 791 4049 W,
805 3994 983 4062 Wattmbaeh,
1004 3995 1052 4049 SS,
1065 3995 1116 4062 IX,
1132 4013 1162 4063 p.
1175 3997 1228 4050 823
1241 4011 1289 4062 aq,
1308 4001 1439 4047 nonroote

321 4081 379 4118 eam
397 4065 551 4118 Annalibus
568 4065 759 4117 Mateeensibus
783 4066 939 4120 attribuunt.
978 4065 1050 4129 Oscae
1068 4083 1139 4134 pars
1164 4068 1193 4118 in
1218 4065 1265 4118 boc
1282 4065 1365 4118 codiee
1382 4067 1439 4116 iam

321 4151 346 4190 a.
367 4138 445 4200 1313,
470 4137 542 4188 obitu
564 4137 689 4189 Heinrict
708 4137 769 4192 VII.
795 4138 967 4202 impmotorie
990 4144 1113 4204 narrato,
1139 4138 1243 4192 desinit.
1315 4140 1343 4202 4)
1367 4137 1475 4197 Nom40

321 4209 426 4258 nomini
442 4208 586 4260 Demdedit
601 4224 690 4276 papae
708 4209 792 4261 musio
814 4208 968 4260 Tseheohioo
987 4206 1094 4260 Bohdel
1116 4211 1146 4259 in
1164 4209 1235 4262 codd.
1255 4208 1280 4260 Β
1291 4210 1317 4262 2.
1330 4211 1368 4263 2⁸
1391 4207 1439 4257 ocl-

320 4279 379 4329 dita
396 4283 441 4332 eet.
526 4281 552 4346 b)
573 4279 615 4342 Cf.
629 4279 751 4332 ‘Archiv'
766 4279 844 4344 VIII,
860 4297 889 4345 p.
902 4281 971 4344 8283
990 4279 1038 4332 SS.
1050 4279 1147 4343 XVII,
1161 4297 1191 4347 p.
1205 4281 1265 4334 711.
1302 4279 1356 4330 Hic
1372 4278 1439 4329 liber

320 4351 350 4401 in
364 4351 459 4415 priore
476 4349 587 4402 editione
606 4350 665 4416 Bo,
684 4366 792 4417 sequens
803 4350 876 4404 Βθ11
891 4353 1014 4416 deumne
1031 4356 1076 4404 est.
1131 4352 1158 4418 6)
1178 4351 1251 4402 Nam
1270 4349 1436 4414 ί.20’-24’.

320 4421 436 4487 lepitur:
453 4418 564 4473 Catonis
577 4419 723 4488 explicatio
737 4437 863 4473 versuum
877 4421 1021 4474 moralium
1036 4437 1098 4473 cum
1110 4419 1337 4489 interpretatione
1348 4419 1437 4474 Bohe·
