3162 5022
296 459 348 513 246
438 453 605 510 ORONIOA
619 453 646 510 S.
656 451 771 508 PETRI
783 451 1045 508 ERFORDENSIS
1058 451 1148 509 MOD.
1168 454 1203 510 A.
1216 457 1292 510 1254.
1370 485 1382 498 ·

187 621 287 730 (Πζῃχ
402 637 640 702 ΜΟΟΙΛΙΙΙΙ.1
690 636 917 700 Innocencins
953 656 1043 721 papa
1077 639 1219 719 quartus
1249 637 1436 712 decessit;

176 713 352 802 (minimi
375 727 570 792 Alexander
593 726 682 788 IIII.
714 726 887 790 successit.
996 725 1072 789 Hoc
1103 745 1193 789 anno
1225 729 1435 790 conventus

204 818 405 887 ·r.1⁶c.sancti
424 816 519 880 Petri
542 817 578 879 in
596 814 808 900 'Erphordia
830 814 1006 878 inchoavit
1029 813 1177 896 ligneam
1202 818 1430 879 structuram

295 905 409 982 turris,
434 907 554 988 inqua
577 905 724 968 minores
740 923 905 986 campane
929 904 1092 986 pendent.
1176 903 1305 968 Eodem
1322 925 1428 968 anno

171 998 450 1068 (unanimortuus
481 998 533 1058 est
563 993 783 1057 Hermannus
809 991 1097 1074 wirziburgensis
1127 992 1321 1076 episcopus;
1356 994 1426 1056 cui
1453 1013 1472 1054 s

296 1085 460 1148 successit
490 1083 583 1146 Irinc
614 1081 798 1146 canonicus
829 1080 971 1145 ecclesie
995 1081 1106 1144 sancti
1136 1079 1279 1156 ffiliani,
1311 1103 1421 1165 quem

296 1171 494 1237 Gerhardus
517 1170 741 1254 Mogontinus
766 1169 958 1254 *episcopus
989 1170 1200 1236 consecravit
1230 1171 1266 1233 in
1293 1171 1422 1254 vigilia
1438 1193 1556 1242 *mssa

189 1285 244 1336 Apr.
254 1288 285 1329 11.
295 1261 421 1345 pasche
458 1261 495 1324 in
529 1259 648 1323 Monte
685 1258 804 1322 Sancti
834 1258 928 1322 Petri
963 1258 999 1321 in
1035 1259 1261 1341 presbiterum
1296 1263 1331 1324 et
1366 1280 1419 1324 se-

191 1377 245 1424 ier.
253 1377 285 1418 rr.
294 1350 414 1433 quenti
439 1349 493 1412 die
516 1349 553 1412 iu
575 1347 719 1412 ecclesia
741 1349 859 1411 sancte
875 1347 984 1411 Marie
1008 1347 1205 1431 episcopum
1229 1349 1415 1412 ordinavit.

207 1449 284 1501 1247.
400 1435 616 1502 MOOLIIII.
647 1435 889 1500 Willehelmus
913 1456 1024 1500 comes
1041 1436 1229 1501 Hollandie
1244 1437 1281 1500 in
1297 1457 1414 1521 regem
1431 1467 1467 1506 ιο

296 1526 437 1610 eligitur
447 1525 468 1602 ¹,
494 1526 552 1609 qui
582 1525 617 1589 in
643 1526 835 1589 divinorum
863 1525 987 1588 officiis
1011 1546 1089 1589 cum
1112 1519 1232 1590 tantab
1260 1526 1413 1591 devocio-

294 1615 348 1679 nis
370 1614 566 1679 reverencia
596 1634 634 1678 ac
660 1635 791 1678 morum
814 1613 997 1697 disciplina
1024 1614 1224 1698 frequenter
1251 1615 1414 1680 interfuit

296 1709 398 1787 atque
427 1705 464 1767 in
487 1703 728 1788 prosecucioue
758 1703 894 1767 iusticie
923 1708 996 1766 tam
1020 1703 1194 1767 studiosus
1218 1725 1258 1767 ac
1282 1704 1413 1768 distric-

294 1795 351 1856 tus
367 1793 537 1877 apparuit,
562 1792 653 1876 quod
674 1793 709 1854 iu
726 1792 800 1875 ipso
816 1795 887 1855 tam
905 1791 1099 1856 devocionis
1115 1792 1294 1856 humilitas
1310 1813 1413 1876 quam

293 1882 429 1946 iusticie
450 1882 583 1965 equitas
600 1882 736 1966 poterat
751 1901 819 1944 non
836 1881 996 1945 inmerito
1012 1882 1242 1945 conmendari.
1271 1881 1316 1945 Et
1332 1883 1414 1965 quia
1425 1909 1457 1948 is

294 1970 481 2034 Dominum
497 1970 534 2033 in
550 1970 707 2035 omnibus
723 1970 826 2033 iactis
842 1972 912 2034 suis
928 1990 1061 2053 semper
1077 1991 1137 2052 pre
1153 1971 1262 2034 oculis
1279 1970 1412 2046 habuit,

293 2060 411 2124 timuit
424 2062 460 2128 et
471 2060 609 2136 amavit,
623 2059 700 2123 ideo
712 2059 795 2142 ipse,
809 2059 915 2142 quise
928 2057 1112 2142 diligentes
1125 2058 1241 2142 diligit
1258 2080 1296 2124 ac
1310 2062 1412 2124 hono·

292 2153 409 2213 rantes
432 2149 561 2213 honore
584 2148 755 2230 condigno
777 2151 974 2212 remunerat
1004 2168 1042 2212 ac
1067 2147 1240 2226 sublimat,
1266 2148 1413 2213 eundem

294 2237 555 2302 Willehelmum
579 2235 763 2320 multiplici
791 2235 989 2300 sublimavit
1016 2237 1168 2300 victoria.
1216 2237 1304 2301 Nam
1333 2258 1411 2301 cum

206 2338 283 2392 1253.
293 2326 508 2408 Margareta⁰
530 2326 703 2390 comitissa
722 2324 893 2400 Flandrie,
914 2345 980 2408 que
1001 2327 1077 2388 tota
1095 2325 1195 2390 bellis
1215 2346 1254 2390 ac
1271 2326 1452 2391 cedibusro

293 2414 460 2491 inhiabat,
486 2415 528 2478 ad
547 2414 699 2479 eiusdem
715 2413 927 2478 Willchelmi
946 2415 1111 2479 terminos
1129 2409 1407 2499 depopulandos‘l

293 2503 444 2566 validum
476 2503 644 2568 emisisset
674 2503 871 2580 exercitum,
902 2503 985 2586 ipse,
1017 2507 1139 2587 utpote
1162 2504 1214 2568 vir
1243 2505 1280 2568 in
1307 2504 1411 2569 armis

294 2612 333 2656 ac
368 2592 597 2656 strennuitate
632 2592 845 2675 conspicuus,
881 2591 964 2656 licet
1002 2595 1233 2676 pugnatorum
1268 2613 1411 2658 numero

293 2679 395 2765 longe
425 2681 536 2746 minor
565 2684 663 2756 esset,
695 2686 812 2745 tamen
842 2701 921 2744 cum
952 2681 1070 2746 eodem
1096 2701 1296 2765 congressus
1320 2703 1411 2747 exer-

191 2789 284 2840 (1114),
294 2769 376 2845 citu,
401 2769 443 2834 de
473 2769 547 2852 ipso
578 2770 694 2833 diviua
723 2775 897 2835 annuente
921 2769 1107 2834 clemencia
1133 2777 1335 2836 victoriosum
1359 2777 1450 2836 ob-rs

206 2872 283 2926 1248.
293 2865 389 2922 tinuit
411 2865 607 2940 triumphum
617 2859 637 2922 ².
680 2859 843 2924 Preterea
866 2860 975 2923 eciam
999 2880 1077 2923 cum
1101 2860 1309 2944 Aquisgrani
1333 2859 1410 2924 civi·

292 2951 401 3012 tatem
436 2969 513 3012 cum
553 2967 677 3030 magna
714 2947 908 3031 principum
944 2947 1169 3012 multitudine
1208 2949 1408 3026 obsedisset,

292 3037 401 3120 ipsam
430 3037 474 3100 ad
505 3037 718 3101 dedicionem
750 3037 878 3119 absque
908 3036 1012 3120 longo
1042 3036 1206 3121 temporis
1231 3038 1411 3122 dispendio

291 3125 461 3190 violenter
484 3146 523 3191 ac
548 3125 728 3208 magnifice
752 3125 919 3209 compulit
947 3147 986 3190 ac
1014 3127 1137 3210 coegit.
1184 3125 1273 3190 Nam
1298 3147 1340 3192 ex
1362 3127 1410 3190 in·

292 3215 425 3278 dustria
448 3219 483 3279 et
507 3213 634 3279 auxilio
654 3213 834 3278 Frisonum
859 3215 1037 3279 cuiusdam
1061 3235 1148 3297 aque
1171 3216 1410 3299 restringendo
1421 3242 1448 3281 eo

292 3302 472 3368 decursum
496 3307 633 3367 tantum
656 3303 693 3365 in
716 3303 792 3386 ipsa
808 3303 948 3368 civitate
972 3305 1057 3368 iecit
1079 3304 1321 3369 inundacionis
1337 3326 1409 3390 pro·

291 3391 442 3468 fluvium,
468 3393 559 3475 quod
583 3392 718 3456 diucius
742 3391 901 3456 resistere
929 3397 1008 3456 seu⁰
1037 3391 1223 3458 subsistere
1247 3394 1410 3477 aliquate-

291 3501 356 3545 nus
378 3502 447 3545 non
463 3480 657 3545 valebanta
693 3480 759 3544 His
782 3481 899 3564 itaque
923 3481 1052 3545 habitis
1071 3481 1224 3546 victoriis
1247 3503 1410 3547 unacum

204 3578 280 3632 1252.
290 3568 479 3635 venerabili
514 3573 612 3654 patre
645 3567 824 3652 Hugonee
856 3569 1044 3653 apostolice
1080 3570 1169 3634 sedis
1205 3570 1330 3654 legato,
1367 3572 1411 3635 ad

291 3662 406 3742 partes
441 3657 585 3723 accessit
620 3657 776 3736 Saxonis,
811 3658 872 3722 ubi
907 3657 1038 3722 filiam⁵
1066 3657 1212 3723 illustris
1247 3661 1449 3744 principius>

290 3865 312 3956 p)
327 3877 363 3957 “lt
361 3865 421 3909 1151,
439 3877 480 3967 pm.
491 3865 532 3958 111)ἲ
587 3865 939 3914 b)rre1.1.r111‚·rantetr1.
1002 3865 1023 3917 c)
1037 3867 1180 3916 Margaretha
1194 3870 1213 3912 1.
1268 3868 1291 3916 d)
1305 3867 1413 3918 populan-

305 3929 329 3958 οι
365 3945 370 3958 .
426 3929 490 3960 erc
533 3949 538 3963 .

289 4091 347 4128 mas
372 4079 401 4128 iri
420 4081 574 4130 memoriam
592 4082 717 4132 victoriae
742 4079 789 4131 hoc
814 4081 857 4131 dic
877 4087 1002 4148 mactae
1027 4080 1148 4134 redditus
1165 4081 1293 4148 quosdam
1317 4081 1412 4131 distri-

288 4147 403 4200 buendos
425 4151 615 4202 conatituerunt
640 4158 716 4202 carta
742 4151 808 4203 data
834 4167 859 4202 a.
880 4152 959 4214 1252,
985 4151 1110 4218 Herpuct,
1137 4152 1207 4204 ‘Ua
1235 4151 1259 4205 d.
1284 4151 1410 4204 litaturi.

288 4219 481 4272 Mittltauacn’
496 4235 526 4286 p.
540 4223 582 4286 41,
602 4225 725 4288 m·.124;
744 4223 778 4286 cf.
792 4237 879 4288 supra
900 4239 927 4290 p.
943 4225 1002 4287 112,
1022 4239 1048 4276 rs.
1063 4225 1088 4278 8.
1170 4224 1196 4290 1)
1212 4222 1273 4274 Iam
1291 4239 1316 4276 o.
1334 4224 1447 4277 tasio

289 4289 341 4343 Oct.
354 4293 379 4344 3.
434 4291 463 4359 2)
482 4291 563 4358 Apud
578 4292 761 4360 Wectccpellen
780 4295 810 4344 in
829 4293 918 4345 iriarila
931 4294 1092 4348 Walchcrcn.
1112 4295 1163 4346 Sed
1175 4297 1230 4361 ipsc
1241 4309 1292 4345 rex
1305 4294 1412 4360 proelio

287 4376 340 4412 non
353 4363 487 4426 interfuit.
508 4362 551 4426 Cf.
563 4365 635 4417 Ana.
644 4364 783 4431 Erplrord.
803 4381 829 4420 a.
840 4365 918 4428 1253,
933 4383 960 4432 p.
972 4367 1031 4420 114.
1090 4365 1118 4434 3)
1133 4365 1175 4430 Of.
1188 4366 1259 4417 Anu.
1273 4363 1411 4432 mpura.

287 4447 312 4486 a.
328 4435 406 4500 1248,
427 4451 455 4502 p.
471 4435 531 4490 102.
605 4437 634 4501 4)
655 4434 811 4500 Presbytero
828 4437 968 4488 cardinali
984 4435 1011 4488 S.
1025 4435 1147 4491 Sabinae.
1221 4435 1248 4502 5)
1265 4435 1413 4489 Elisabeth.
