3162 5022
305 435 359 489 214
448 428 614 486 ORONICA
627 428 655 485 S.
664 427 781 484 PETRI
791 427 1052 484 ERFORDENSIS
1064 427 1155 486 Mon.
1174 429 1209 486 A.
1220 433 1298 488 1215.

137 669 166 715 es·
175 669 205 706 Cr
220 596 296 706 {23
307 621 478 696 apostolico
505 636 539 676 se
569 617 746 676 feriendum
776 635 871 676 ense
898 635 963 676 non
985 619 1126 695 ambigat
1136 612 1156 678 ¹.
1203 619 1282 678 Ecce
1306 614 1427 696 sagena

164 697 231 761 saie.
239 696 298 770 ari
307 710 391 767 Petri
413 726 468 784 per
490 725 570 766 neore
591 725 725 782 mapsam
747 711 774 765 et
795 706 955 780 spaciosum
977 707 1111 767 modste
1133 725 1280 784 expansa,
1299 708 1428 782 protilos

165 775 370 857 fl''¹⁰⁸'²⁵’croa
391 797 503 872 moysis
526 796 686 866 exhibens,
710 796 808 854 trahit
830 797 917 854 milia
932 797 1070 864 milium3
1094 801 1229 855 tamen
1251 802 1285 855 et
1302 799 1330 855 si
1344 798 1425 856 velis

306 887 554 962 archiepiscopos
584 903 759 954 recensere,
790 902 898 943 eorum
931 887 1141 944 numerositas
1175 903 1248 944 cum
1281 887 1425 962 diligenti

306 977 431 1034 eciam
460 975 669 1033 calcidacione
699 990 764 1031 non
794 977 889 1050 queat
915 975 1152 1050 computari.
1198 975 1340 1051 Denique
1363 975 1461 1033 subo

305 1081 452 1140 pressura
482 1063 695 1121 multitudinis
725 1063 872 1138 episcopi,
902 1063 1032 1121 abbates
1061 1067 1094 1121 et
1123 1081 1219 1140 quam
1242 1065 1347 1140 plures
1370 1065 1424 1122 alii

305 1154 514 1212 novissimum
537 1153 570 1209 in
593 1151 723 1210 concilio
746 1153 892 1228 spiritum
920 1152 1134 1222 exalaverunt,
1158 1169 1222 1210 non
1244 1171 1335 1228 pape,
1366 1153 1425 1211 sed

305 1243 372 1301 Deo
386 1241 539 1300 reddituri
562 1241 719 1298 racionem
743 1241 782 1298 de
805 1243 982 1310 cunctis,
1006 1242 1130 1317 quein
1153 1241 1226 1300 hac
1247 1244 1333 1300 vita
1356 1259 1425 1318 ges·

306 1336 425 1390 serunt.
471 1331 518 1388 Ibi
541 1328 626 1388 tacta
649 1331 786 1406 primum
809 1330 1028 1388 exhortacione
1057 1331 1091 1388 in
1121 1347 1263 1388 sermone
1293 1331 1425 1407 polito

306 1419 345 1478 de
368 1419 440 1489 flde,
465 1436 520 1496 spe
544 1423 583 1476 et
612 1417 763 1476 caritate⁸
789 1417 948 1488 disseruit,
972 1418 1085 1477 deinde
1109 1419 1300 1478 Fridericum
1327 1435 1468 1496 augo-ro

306 1514 392 1567 stum
414 1508 558 1566 tuturum
581 1508 802 1584 imperatorem
823 1508 947 1582 publice
963 1507 1143 1577 declaravit,
1167 1509 1278 1584 cuique
1294 1509 1425 1566 ecclesie

306 1616 364 1656 sua
393 1598 462 1656 iura
491 1614 580 1655 esse
610 1583 785 1654 servandab
813 1597 960 1666 innotuit,
991 1614 1098 1672 regem
1127 1598 1240 1673 Anglie
1270 1602 1303 1655 et
1333 1614 1425 1673 reges

306 1688 384 1744 alios
408 1704 465 1745 suo
489 1685 698 1762 apostolatui⁰
726 1685 894 1755 subiciens,
917 1686 1065 1744 instituta
1087 1685 1187 1743 edidit
1209 1687 1423 1744 ecclesiarum.

306 1776 364 1833 His
387 1779 420 1833 et
442 1775 511 1833 aliis
535 1773 637 1833 modis
661 1792 755 1832 suum
778 1775 961 1832 terminavit
990 1775 1167 1844 consilium,
1191 1777 1343 1833 estimans
1374 1776 1424 1833 sui

306 1865 446 1941 precium
475 1864 601 1933 laboris,
631 1865 658 1920 si
686 1881 742 1939 pre
772 1864 894 1921 cunctis
917 1865 982 1920 suis
1005 1864 1209 1940 participibus
1233 1869 1300 1922 tam
1322 1865 1467 1939 copiosa

307 1971 376 2012 sam
406 1954 479 2011 cleri
509 1952 747 2010 multitudinem
774 1952 816 2009 ad
845 1953 895 2009 sui
917 1953 1112 2028 presenciam
1135 1953 1330 2028 apostolatus
1353 1970 1425 2011 evo

219 2047 418 2101 1216.casset.
465 2041 526 2114 Qui
548 2046 622 2117 post
644 2041 813 2110 modicum,
836 2041 869 2098 id
892 2045 941 2099 est
963 2057 1047 2099 anno
1070 2041 1155 2100 XIX.
1180 2043 1229 2099 sui
1251 2042 1425 2118 pontiti-

204 2136 413 2200 carucatas,
444 2131 645 2189 decedens
675 2147 734 2188 nec
763 2130 898 2188 similem
922 2123 986 2187 'sui
1014 2131 1158 2200 sciencia,
1188 2131 1348 2200 facundia,
1372 2131 1425 2188 de

305 2225 461 2278 cretarum
484 2225 517 2278 et
538 2220 644 2294 legum
662 2215 787 2295 pericia,
811 2220 1022 2278 strennuitate
1036 2219 1223 2278 iudiciorum
1245 2235 1304 2278 neo
1319 2220 1425 2277 adhuc

305 2311 392 2367 visus
416 2308 602 2367 esthabere
625 2313 820 2384 sequentem.
1433 2323 1467 2363 so

218 2406 295 2458 1217.
411 2398 508 2455 Post
530 2397 601 2454 hec
624 2395 701 2455 Otto
725 2396 827 2455 dictus
850 2397 1020 2472 imperator
1041 2397 1124 2455 vires
1154 2397 1258 2455 adhuc
1281 2415 1356 2455 suas
1379 2415 1424 2455 re·

306 2501 455 2563 superare
478 2487 616 2561 gestiens
639 2485 773 2561 pecunia
794 2486 980 2561 aggreditur
997 2487 1119 2544 animos
1142 2487 1319 2562 principum
1342 2503 1424 2545 cor·

306 2592 506 2651 rumpere,
526 2575 672 2650 precipue
687 2566 928 2648 Hlermannum]
944 2575 1220 2650 lantgravium
1236 2575 1295 2633 sibi
1311 2576 1425 2633 coadu-

305 2681 397 2732 nare;
428 2665 491 2740 qui,
523 2664 686 2722 scilicet
707 2652 1019 2737 Hlermannusl‘l
1044 2665 1322 2739 lantgravius,
1350 2681 1424 2722 cum

305 2770 344 2811 ex
366 2754 497 2812 cronicis
519 2752 718 2828 passionibus
741 2755 875 2810 mortem
899 2752 958 2809 sibi
973 2754 1148 2828 proximam
1170 2755 1343 2822 metiretur,
1367 2766 1465 2828 spese

176 2846 414 2914 (maaianai
429 2843 560 2918 pecunie
577 2833 791 2916 [transitum0]
808 2845 899 2917 parat
913 2841 955 2899 ad
969 2843 1085 2916 ipsum,
1105 2842 1175 2899 sed
1189 2859 1273 2900 mors
1292 2845 1424 2917 ipsum

305 2932 491 3007 preveniens
514 2917 725 2988 desiderium‘
752 2931 925 3006 utriusque,
949 2931 1067 2988 scilicet
1089 2931 1195 2988 dantis
1218 2935 1251 2989 et
1272 2931 1428 3006 accipien-

305 3022 357 3090 tis,
392 3020 497 3078 subito
531 3019 659 3078 dirimit.
706 3017 803 3078 Cuius
837 3035 963 3094 corpus
996 3037 1069 3077 cum
1104 3020 1429 3078 Reinhersbumensis

306 3103 450 3167 abbas²
472 3112 597 3184 pararet
619 3125 727 3166 secum
750 3111 911 3184 asportare
934 3108 1022 3165 etin
1044 3107 1228 3167 manse010⁸
1247 3109 1427 3184 progenito·

305 3216 390 3256 rum
412 3198 572 3267 collocare,
596 3189 732 3274 Slophia]
749 3197 935 3273 lantgravia,
959 3196 1101 3255 defuncti
1116 3214 1244 3256 consors
1262 3197 1422 3274 principis,
1433 3213 1464 3253 so

305 3288 408 3346 vetuit
437 3283 472 3348 et
503 3301 524 3346 a
552 3279 636 3346 villa
660 3278 762 3356 Gota,
792 3281 830 3344 in
853 3300 921 3364 qua
947 3279 1034 3344 obiit
1043 3279 1065 3357 ³,
1096 3300 1219 3365 corpus
1241 3280 1424 3346 Ysenache

305 3519 327 3568 a)
340 3519 450 3558 charitate
464 3518 483 3561 1.
536 3516 559 3565 b)
574 3515 729 3556 oomervsuds
743 3515 770 3558 R.
823 3516 844 3564 c)
858 3514 992 3566 sponsistat
1007 3515 1025 3558 1.
1071 3512 1095 3567 d)
1109 3515 1226 3555 lislurlsus
1240 3517 1260 3565 1,
1275 3516 1332 3566 quod
1346 3525 1374 3554 sar
1386 3513 1424 3564 Η..

305 3576 328 3611 st
341 3573 406 3612 modo
419 3581 495 3610 nomos
509 3570 627 3609 tadicum
641 3573 678 3619 est,
693 3569 751 3617 falso
765 3572 836 3609 ossam
851 3573 887 3612 sat.
954 3570 975 3615 e)
987 3569 1085 3618 supplevi
1094 3569 1162 3618 salt,-
1177 3581 1219 3612 oss.
1229 3570 1248 3612 1.
1314 3569 1377 3617 oste
1390 3569 1424 3617 R,-

305 3625 484 3675 deslderlumque
497 3625 517 3667 1.
570 3623 592 3674 ι)
606 3622 719 3663 mausoleo
733 3622 792 3670 falso
809 3633 854 3671 pro
868 3621 981 3662 mauseolo
995 3624 1015 3672 1,
1030 3633 1081 3660 som
1096 3622 1231 3662 mausoleum
1245 3622 1278 3661 ost
1286 3623 1424 3662 mausoleum

305 3689 410 3728 nusquam
430 3679 454 3717 ts
473 3677 536 3720 codd.
555 3677 621 3716 ΜΗ
641 3677 689 3715 aest
708 3675 765 3724 lapi,-
785 3675 921 3715 mauseolum
938 3685 983 3724 pro
1003 3675 1116 3716 mauseolo
1136 3677 1197 3714 tostas
1216 3675 1295 3724 muer
1318 3677 1340 3714 ts
1363 3675 1461 3720 suddit

304 3741 360 3772 aare.
374 3730 515 3780 XIII-XV,
538 3734 561 3768 ut
581 3729 677 3768 conrado
698 3740 724 3768 ae
741 3729 792 3768 scits
809 3729 864 3767 illud
877 3729 980 3778 scriptam
994 3738 1038 3768 sess
1051 3730 1107 3768 miss
1115 3739 1246 3778 mosum
1264 3729 1362 3771 trabeam.
1390 3729 1424 3776 Cf.

304 3783 522 3833 Dmusasllsssctsol
534 3793 552 3828 s.
565 3795 584 3826 o.
597 3781 742 3832 mauseolum,
756 3781 888 3832 mauseolus,
903 3782 1045 3826 mauseolum.

306 3987 333 4054 1)
353 3985 412 4038 Ηοσ
429 3985 481 4039 loeo
498 3991 585 4039 umas
597 3986 681 4050 fonts's
692 3985 788 4038 metisse
805 3991 926 4040 mactus
943 3993 980 4038 eet
992 4001 1073 4054 quam
1091 3987 1121 4038 s'ss
1134 3985 1214 4042 Oros.
1226 3971 1423 4040 Baistor-debr.

300 4059 406 4124 12588,
426 4057 445 4113 1.
457 4059 492 4112 22
504 4073 551 4124 sq„
573 4057 643 4124 quod
666 4059 798 4124 voment
823 4073 856 4110 sa
873 4058 1004 4110 ekmulla
1021 4059 1141 4110 masonis
1157 4061 1349 4110 amtests'orum
1367 4057 1424 4126 (oo-

305 4132 411 4180 currat:
431 4125 573 4196 ambigat).
621 4127 650 4195 2)
662 4127 844 4193 Eekstordus,
864 4129 894 4180 ἐκ
907 4129 987 4183 Oros.
999 4127 1194 4184 Retsbosdabr.
1207 4131 1312 4195 12588.
1328 4129 1461 4182 ammo

304 4199 332 4263 3)
352 4214 369 4251 a
386 4197 453 4251 villa
470 4227 504 4237 -
523 4196 594 4250 obiit
611 4213 665 4250 sos
682 4215 712 4252 se
731 4199 804 4254 Hist.
816 4199 1022 4265 Rsisburdsdr,
1040 4215 1109 4266 quoe
1125 4215 1207 4267 seque
1224 4203 1254 4252 ia
1270 4201 1334 4251 Viso
1351 4199 1423 4254 laad.

305 4268 880 4338 II,l,sd.H.Rtlclesrtp.15‚leqostur,
906 4271 951 4322 eod
974 4287 1008 4323 aa
1026 4271 1110 4324 allero
1127 4271 1202 4335 fosta
1226 4277 1334 4340 sumpto
1350 4276 1423 4325 eust

306 4341 348 4405 CT.
360 4340 432 4396 Hirr.
451 4339 490 4394 br.
551 4341 595 4394 'nc
613 4339 698 4395 Thur.
717 4357 737 4395 o.
752 4343 794 4406 12,
813 4341 860 4396 SS.
873 4341 950 4393 XXI
953 4341 983 4407 V,
998 4358 1027 4409 p.
1040 4343 1108 4398 822:
1128 4341 1175 4410 qui
1192 4345 1288 4409 postea
1305 4341 1333 4394 in
1350 4339 1425 4394 Gotu

305 4409 447 4480 decedens,
467 4409 495 4464 in
530 4409 646 4464 senache
667 4411 788 4480 sepultus
807 4416 855 4468 est.
