3208 5006
283 443 336 496 720
512 437 704 494 ORONIOAE
721 438 885 496 MINORlG
904 437 1102 494 APPnanx
1119 435 1175 495 111.

283 629 384 687 azimo
407 646 489 704 pane
512 629 648 688 confecit
670 634 703 687 et
733 629 821 688 dedit
844 629 1005 704 discipulis
1035 629 1111 698 suis,
1142 629 1225 688 sicut
1254 629 1331 688 dicit
1351 630 1402 687 In-

283 719 447 776 nocentius
471 735 553 794 papa
575 711 654 776 111¹.

389 807 499 882 Iulyus
529 824 612 882 papa
642 808 817 877 constituit,
847 811 893 876 nt,
927 808 954 864 si
983 824 1112 865 necesse
1142 809 1193 877 sit,
1228 808 1338 867 botrus
1367 810 1400 866 in

150 940 180 979 ο,
195 939 274 980 ΜΟ,
283 897 378 954 calice
403 897 628 970 comprimatur
651 900 683 953 et
706 913 788 971 aqua
811 897 980 954 misceatur
990 891 1011 954 ².

172 971 251 1042 §.ssu
389 972 549 1029 Alexander
566 990 638 1042 pope
649 971 673 1028 1.
693 973 835 1027 constituit
846 974 941 1027 vinum
953 973 1060 1028 misceri
1074 991 1137 1027 cum
1150 991 1220 1043 sqna
1231 973 1260 1027 in
1273 973 1399 1031 calice.
1412 992 1429 1030 s

163 1055 273 1104 teptis.
388 1045 447 1099 Leo
459 1062 531 1114 pape
542 1043 566 1100 I.
579 1043 720 1098 coustituit
738 1043 793 1099 dici
812 1044 853 1098 sd
871 1045 1046 1114 populum
1063 1044 1091 1098 in
1103 1045 1185 1098 missu
1199 1046 1279 1099 Orate
1286 1062 1340 1113 pro
1352 1065 1400 1102 me.

389 1127 524 1186 Sanctus
545 1127 713 1202 Gregorius
737 1131 857 1184 secreta
879 1127 1016 1203 quedam
1038 1129 1156 1203 recepit
1178 1128 1217 1185 ab
1233 1129 1400 1186 Ambrosio

283 1221 315 1274 et
345 1216 469 1275 Gelasio
500 1233 590 1292 papa,
621 1216 758 1291 quedam
785 1217 852 1292 ipse
885 1217 1061 1292 composuit
1091 1221 1123 1274 et
1152 1219 1185 1274 in
1213 1218 1310 1275 missa
1337 1218 1400 1276 dici

165 1310 516 1452 iblpfficonstrtlprlpgm
542 1399 614 1452 paps
641 1381 664 1442 Ι.
692 1381 736 1436 IX
766 1382 933 1451 prefationes
962 1382 991 1436 in
1021 1383 1102 1437 missa
1129 1381 1212 1453 [diua
1240 1383 1399 1455 constituit]‚
1413 1401 1443 1439 ro

283 1454 462 1509 videlicet
480 1454 515 1508 de
539 1458 633 1508 saneta
657 1454 788 1520 trinitate,
813 1453 848 1508 de
872 1453 1017 1508 nativitate
1034 1453 1152 1522 Domini,
1178 1453 1212 1508 de
1238 1455 1400 1525 epyphanis,

282 1527 317 1580 de
336 1525 552 1595 quadragesima,
571 1524 605 1579 de
623 1528 717 1579 sancis
735 1542 823 1595 cruce,
842 1525 876 1580 de
894 1525 1002 1594 pasche,
1021 1525 1056 1578 de
1075 1525 1238 1594 ascensione,
1256 1525 1291 1579 de
1303 1531 1399 1581 sancto

282 1615 388 1684 spiritu,
413 1614 448 1668 de
467 1613 621 1684 apostolis⁸.
665 1608 727 1665 Leo
750 1626 832 1684 papa
854 1609 878 1666 l.
904 1609 970 1666 sive
992 1602 1201 1666 Ambrosius⁴
1223 1611 1401 1685 composuit

202 1755 264 1803 ‚w
281 1699 523 1773 prephacicnem
541 1696 751 1797 'cottidianam
767 1702 800 1755 et
822 1698 855 1755 in
870 1697 969 1786 missa
987 1698 1048 1755 dici
1063 1697 1237 1786 constituit.
1270 1703 1400 1790 Urbanus

134 1774 1319 1915 cruilistiniensis:titi‘tiilitttuli0ittiit
1343 1775 1401 1902 ti
1412 1795 1440 1834 ¹⁵

163 1921 481 2072 sensuscomfftlgitr'rtus
505 2006 578 2072 pape
601 1987 663 2042 Ili⁸
691 1989 812 2054 Sancus,
836 1995 951 2055 candus,
976 1996 1084 2043 samius
1108 1991 1240 2042 Dominus
1264 1989 1293 2042 in
1318 1990 1402 2044 missa

163 2060 520 2188 ib·r-519.eommthel{s¹ifri⁸
530 2149 602 2200 papa
620 2129 644 2184 1.
664 2147 797 2184 canonem
815 2131 842 2182 in
862 2130 944 2184 missa
962 2129 1016 2183 dici
1034 2130 1202 2199 constituitl,
1221 2130 1268 2184 sed
1287 2131 1397 2200 quidam
1409 2151 1436 2188 so

282 2203 439 2256 scolasticus
456 2203 617 2272 composuit,
638 2206 675 2255 ut
693 2202 761 2256 dicit
781 2205 924 2255 sanetus
943 2201 1092 2272 Gregorius
1116 2218 1189 2271 papa
1212 2203 1242 2254 in
1259 2202 1398 2272 Registro.

162 2281 271 2331 sopore
387 2273 545 2328 Alexander
570 2291 643 2342 popa
667 2273 690 2328 1.
717 2273 854 2327 dominice
878 2273 1030 2343 passionis⁰
1053 2273 1345 2327 commemorscionem
1371 2274 1399 2327 in

281 2345 389 2399 ruisse
406 2345 466 2398 fieri
486 2345 633 2401 constituit.

387 2429 589 2485 Innocentius
612 2445 695 2503 papa
717 2426 773 2485 ΙΙΙ.
799 2420 903 2496 diuiti,
928 2427 1012 2502 quod
1034 2427 1067 2483 in
1094 2428 1245 2502 principio
1268 2429 1398 2485 canonis

280 2518 408 2591 ponitur
436 2511 473 2586 Τ,
509 2518 599 2591 quasi
628 2505 731 2585 Taul,
766 2516 799 2573 in
830 2517 1013 2574 memoriam
1042 2516 1196 2574 dominice
1230 2517 1395 2592 passionis.
1407 2540 1433 2579 25

282 2604 365 2662 Crux
387 2622 461 2680 ergo
484 2611 558 2663 ante
582 2607 688 2664 oculos
712 2605 898 2664 celebrantis
922 2607 981 2662 erit
1003 2605 1036 2662 in
1059 2606 1159 2662 altari.

325 2695 459 2753 Versus:
484 2693 629 2753 Assssisns
651 2713 702 2753 are
791 2694 858 2752 dnm
881 2693 1004 2766 confine,
1028 2694 1077 2752 lec
1098 2694 1253 2752 creditore:

487 2781 567 2858 Quis,
591 2789 737 2857 quonium,
761 2801 850 2857 quare
930 2783 969 2840 sit
986 2800 1102 2856 puseus,
1126 2787 1151 2840 ei
1175 2783 1248 2840 liuns
1269 2783 1394 2842 imitare.

163 2872 271 2920 enpust.
387 2859 502 2915 Sanctus
529 2860 679 2930 Gregorius
704 2861 771 2914 dicit
796 2861 825 2913 in
849 2860 978 2930 Registro
1004 2865 1038 2914 et
1064 2859 1278 2927 constituit,
1303 2861 1396 2929 quod

280 2933 380 2986 nulla
398 2932 543 2986 nomine
565 2939 775 2986 sanctorum
794 2932 822 2984 in
841 2948 944 2985 canone
969 2935 1094 3000 preter
1118 2931 1198 2998 illa,
1223 2949 1277 3000 que
1301 2932 1430 2988 suti-so

280 3022 403 3090 quitus
421 3021 474 3074 ibi
497 3021 600 3090 posite
618 3025 714 3089 sunt,
740 3021 823 3088 poni
846 3019 994 3087 debent,
1021 3014 1077 3072 scd
1100 3015 1229 3072 nomina
1252 3015 1395 3072 vivorum

280 3105 338 3161 ibi:
370 3103 519 3173 Memento,
549 3102 673 3161 Domine
702 3105 776 3178 poni
805 3107 949 3178 possunt,
978 3107 1011 3160 et
1040 3103 1169 3160 nomina
1201 3108 1396 3161 mortuorum

199 3194 337 3257 ⁸nescibi:
362 3191 513 3262 Messene,
536 3191 669 3260 Domine,
695 3185 795 3250 *etium
817 3189 1002 3249 memoreri⁰
1025 3195 1160 3266 possunt
1171 3186 1190 3249 ³.

162 3283 270 3331 ripum.
386 3271 519 3339 Vigilius
545 3287 617 3338 papa
642 3275 677 3323 et
705 3269 850 3323 concilium
875 3268 1222 3337 Constantinopolitunum,
1248 3269 1395 3323 scilicet

281 3341 382 3408 quinis
409 3341 592 3409 synodus⁸,
618 3346 780 3408 ternpore
805 3339 956 3393 Iustiniani
988 3341 1172 3408 imperatoris
1202 3342 1252 3394 sub
1284 3339 1429 3396 suathest

280 3412 373 3466 msthe
397 3411 572 3481 precipiendo
597 3412 892 3477 constituerunt,
918 3414 949 3464 ut
972 3412 1063 3464 nullus
1088 3410 1162 3464 diest
1187 3428 1320 3464 canonem
1344 3411 1394 3464 nisi

280 3483 308 3536 in
336 3484 406 3536 libro
432 3487 459 3538 et
487 3483 515 3536 in
542 3483 623 3536 sacris
650 3483 770 3537 vestibus
796 3487 823 3536 et
850 3500 931 3551 super
955 3484 1040 3536 altere
1066 3487 1094 3536 et
1118 3499 1198 3552 super
1224 3481 1394 3537 sacrificium.

129 3569 269 3620 repeton.
280 3555 373 3608 Canon
391 3555 441 3608 sub
455 3554 566 3608 silencio
579 3554 688 3621 dicitur,
706 3573 741 3609 ne
754 3558 810 3608 tam
830 3557 923 3607 sancte
934 3555 1018 3608 verba
1037 3553 1107 3607 tanti
1123 3553 1245 3622 mysterii
1258 3554 1394 3620 vilescent,

279 3773 300 3812 nl
315 3767 337 3808 d.
353 3775 420 3812 const.
435 3781 475 3812 om.
490 3781 507 3812 ο.
565 3769 589 3820 b)
604 3771 649 3813 vid.
663 3769 723 3809 nece
738 3769 761 3808 ln
775 3771 783 3807 i
797 3780 814 3812 c.
873 3769 893 3820 c)
908 3769 1066 3819 compassionis
1081 3779 1097 3810 s.
1155 3767 1178 3818 d)
1188 3772 1239 3818 posi
1254 3772 1358 3807 munium
1372 3767 1394 3806 in

279 3824 333 3862 'lam
348 3834 365 3864 c.
420 3823 440 3874 c)
454 3823 477 3862 in
491 3810 556 3863 uu'sri
570 3835 587 3865 c.

1402 3827 1429 3870 40

280 4019 304 4084 1)
325 4019 434 4083 Mysier.
455 4021 550 4070 inissas
567 4019 587 4070 Ι
591 4020 620 4084 V,
633 4021 658 4085 4,
680 4021 696 4072 l.
711 4019 727 4075 l.
747 4017 771 4083 Ι,
786 4035 815 4084 p.
828 4021 889 4073 374.
962 4019 991 4086 2)
1011 4017 1067 4069 Hoc
1085 4019 1122 4068 od
1139 4018 1246 4070 onium
1263 4033 1296 4070 ec
1317 4017 1392 4071 Grai.

278 4091 354 4144 Deer.
369 4091 387 4141 l.
398 4091 454 4154 ΙΙΙ,
474 4091 535 4144 dist.
552 4092 578 4152 2,
596 4107 617 4142 o.
631 4093 655 4145 7.
674 4092 836 4156 exemptum
847 4097 893 4142 esi.
946 4091 974 4156 3)
988 4089 1059 4142 Haec
1071 4105 1129 4140 crim
1141 4105 1191 4142 rec.
1205 4089 1237 4141 B.
1252 4089 1305 4143 01.
1319 4091 1344 4141 2.
1358 4089 1391 4152 D,

278 4177 331 4212 non
348 4176 408 4212 cum
425 4163 451 4213 A
469 4165 630 4216 converiunt.
702 4165 730 4229 4)
751 4161 793 4224 Cf.
812 4177 898 4228 supra
914 4179 941 4229 p.
956 4164 1016 4216 577.
1035 4163 1096 4216 581.
1169 4160 1197 4229 5)
1217 4159 1291 4223 Quod
1308 4175 1393 4227 cipro

273 4249 304 4299 p.
314 4234 374 4286 579.
388 4235 567 4299 cannatum,
580 4233 628 4284 hoc
641 4233 694 4285 ioco
705 4239 736 4284 ut
748 4249 833 4299 nspro
850 4250 877 4300 p.
891 4235 950 4288 580.
964 4233 1133 4298 affirmatum
1145 4239 1190 4286 est.
1244 4231 1272 4296 6)
1283 4231 1391 4295 Mysia.

278 4306 373 4355 missos
386 4303 441 4370 ΙΙΙ,
455 4307 480 4367 2,
494 4304 511 4357 ἰ.
525 4306 542 4357 l.
556 4305 580 4369 1,
595 4321 624 4370 p.
638 4307 699 4358 364.
772 4307 798 4368 7)
817 4304 859 4368 Of.
878 4305 966 4358 innoc.
987 4304 1041 4358 ΙΙΙ.
1063 4303 1173 4368 Myster.
1191 4303 1288 4354 missos
1299 4301 1355 4365 ΙΙΙ,
1367 4304 1427 4356 cu

284 4375 312 4435 Γ,
326 4376 351 4437 7,
371 4375 388 4427 i.
408 4375 423 4426 l.
444 4374 468 4436 Ι,
486 4393 513 4440 p.
526 4377 587 4429 367.
606 4377 677 4441 401,·
695 4375 816 4426 Honoris*
832 4376 1017 4441 sopiendus.
1038 4376 1147 4427 Gemma
1165 4373 1312 4436 animosi,
1333 4375 1391 4428 103.

280 4447 338 4498 107.
392 4447 420 4510 8)
438 4444 538 4496 lienem
553 4447 623 4512 qnod
634 4462 719 4513 snpra
734 4461 763 4512 p.
777 4448 838 4501 581.
851 4447 1087 4510 coniectarentur
1100 4445 1152 4497 ioco
1164 4445 1336 4510 affirmatum
1349 4449 1392 4496 est.

165 4642 240 4680 A
