3162 5022
269 461 437 518 01³0ch
449 462 478 519 S.
488 462 606 519 PETRI
617 461 880 518 ERFORDENSIS
892 460 983 519 MOD.
1001 462 1036 518 A.
1048 466 1125 520 1219.
1214 465 1268 520 223

51 649 141 694 misr.
153 643 279 708 ‘corpora
296 644 382 694 strata
399 641 527 702 iacebant
544 641 621 695 iuxta
639 641 770 694 fossatum
788 639 916 710 plurima.
952 638 998 694 Sic
1016 640 1131 694 salvavit
1148 639 1221 694 Deus
1238 606 1356 723 inffl'
1366 676 1397 719 ,4

152 710 196 764 die
215 711 262 764 illa
278 716 420 780 sperantes
441 713 471 764 in
498 729 534 769 se.
570 711 758 766 Instrumenta
782 713 896 780 itaque
915 710 1070 764 fidelium
1088 715 1184 765 contra
1202 711 1267 764 civr-

151 787 236 835 tatem
262 787 379 851 parata²
401 785 534 838 conbusta
560 788 625 838 sunt
649 783 707 837 lere
725 784 817 838 omnia
834 787 927 851 preter
944 782 1037 838 scalas.
1073 781 1195 851 Igitur
1213 781 1267 836 Ge·

150 870 271 920 nuenses,
290 852 392 921 Pisani,
411 853 562 909 Veneciani
588 853 705 908 firmiter
731 855 887 908 asserebant
913 871 942 907 se
970 852 1109 908 civitatem
1127 869 1268 922 expugna·

123 933 135 971 t
150 930 234 992 turos,
260 925 310 978 sed
336 925 345 977 i
365 925 388 978 si
414 941 470 979 non
498 930 577 980 erant
595 925 629 979 de
647 942 748 996 genere
764 925 888 979 virorum
906 925 1025 992 illorum,
1043 940 1094 993 per
1112 939 1178 992 quos
1196 925 1269 978 salus

151 996 223 1048 lacta
241 1000 282 1049 est
299 995 328 1050 in
424 997 442 1064 l,
461 996 542 1066 quia
559 996 694 1052 veraciter
721 1013 795 1051 oorn
820 995 965 1050 rehenaum
993 999 1021 1049 et
1038 993 1209 1048 intellectum
1228 1001 1268 1050 est

150 1066 207 1120 sola
224 1066 326 1121 virtute
345 1067 438 1120 divina
450 1067 605 1122 Damiatam
623 1068 652 1122 in
670 1065 772 1122 manub
812 1067 1007 1120 bristiancrum
1025 1064 1085 1120 iore
1096 1064 1267 1123 tradendam.

150 1135 234 1191 Post
252 1137 390 1192 fideles
408 1139 573 1193 inmemores
591 1137 787 1194 beneficiorum
805 1137 856 1192 Dei
881 1141 1151 1207 provocaverunt⁰
1175 1138 1268 1191 oculos

149 1208 241 1262 divine
259 1209 409 1264 maiestatis
428 1214 524 1264 contra
541 1210 650 1279 ipsos,
670 1214 702 1264 et
728 1227 779 1279 per
796 1208 930 1264 desidiam
947 1209 1082 1263 maiorum
1100 1212 1129 1263 et
1146 1225 1267 1262 murmu-

116 1291 140 1328 so
150 1279 272 1334 raciones
299 1279 437 1334 minorum
466 1281 573 1363 pedites
600 1281 736 1350 equitibus
766 1281 981 1350 inproperabant
1007 1278 1153 1350 ignaviam,
1182 1296 1267 1348 qno·

149 1349 265 1405 niam‘l
287 1351 393 1421 equites
419 1354 572 1420 peraculum
619 1352 732 1420 editum,
751 1351 861 1420 quando
888 1356 984 1406 contra
1001 1350 1166 1406 Sarracenos
1191 1367 1267 1422 egre·

150 1422 304 1492 diebantur,
331 1422 546 1478 dissimulabant.
582 1370 666 1478 lfnde
692 1423 797 1478 factum
828 1427 877 1492 est,
904 1427 935 1476 ut
963 1421 1153 1477 communibus
1180 1422 1268 1491 culpis

150 1493 763 1620 {isffstvusaslsszslssi
782 1494 930 1619 isliu„
948 1492 1374 1619 testantem·

116 1641 237 1688 socastra
252 1634 461 1690 Babiloniorum
479 1636 633 1704 tenderet,
652 1606 843 1690 ’commisso
861 1637 981 1704 prelio
1000 1634 1107 1690 multi
1125 1640 1267 1690 nostra-

150 1715 222 1760 tum
253 1707 537 1776 captivarentur
567 1707 747 1761 nobilium
782 1707 964 1775 multique
999 1707 1267 1763 occumberent.

150 1783 192 1846 In
224 1803 292 1867 quo
323 1783 486 1849 conflictu
516 1783 704 1849 Christiani
738 1783 834 1849 mille
868 1783 1023 1868 peditum
1058 1787 1094 1848 et
1128 1787 1266 1849 centum

151 1871 277 1936 milites
300 1873 489 1957 perdidisse
512 1872 777 1938 memoranturl.
816 1883 890 1953 Qua
907 1883 950 1937 de
968 1901 1005 1938 re
1024 1882 1159 1939 fideles
1176 1901 1268 1939 meror

150 1955 302 2024 occupavit,
321 1954 369 2009 sed
387 1957 464 2010 nulla
481 1955 648 2025 desperacio,
668 1956 751 2026 quia
768 1971 840 2026 pena
872 1955 959 2008 eocati
977 1954 1030 2008 fuit
1048 1955 1099 2009 bec
1111 1955 1267 2038 mstigacio,

115 2027 285 2080 scaminus
304 2027 409 2081 eratin
448 2045 608 2096 enaquam
628 2027 801 2099 exigerent&
872 2043 909 2080 ec
934 2026 1161 2095 ipsiquoque
1179 2043 1267 2080 1ncre·

150 2097 207 2150 duli
234 2097 328 2152 hunc
358 2045 574 2153 conflictum
601 2098 678 2153 sine
708 2099 846 2152 luctuoso
877 2097 991 2152 demtm
1021 2097 1266 2164 transierunt,

151 2169 275 2222 multis
302 2169 438 2224 ibidem
465 2170 673 2240 peremptis.
710 2169 783 2224 Sane
809 2169 918 2236 Deus,
945 2169 992 2236 qui
1018 2185 1073 2222 non
1098 2168 1268 2222 obliviscitur

149 2239 280 2308 miserari,
299 2240 401 2294 luctus
418 2257 562 2294 suorum
581 2241 717 2295 convertit
734 2241 763 2294 in
774 2239 914 2312 gaudium.
945 2239 1018 2293 Nam
1036 2238 1164 2293 soldanus
1182 2257 1267 2293 unum

150 2310 183 2364 de
202 2311 318 2380 captivis
336 2311 506 2366 fidelium
524 2311 636 2365 mittens
654 2311 689 2366 de
706 2329 775 2381 pace
793 2328 857 2366 oum
876 2310 967 2380 ipsis
984 2315 1103 2365 tractare
1122 2311 1210 2380 cepit,
1237 2311 1266 2364 in

116 2381 852 2509 ²⁵tlttttlittt“ffttlt‘ttltt
868 2389 906 2508 t
923 2382 1297 2508 ttlt‘ttltttt,
1339 2467 1364 2506 ω

230 2497 236 2508 .
1256 2484 1266 2494 ·
1299 2478 1330 2509 ιθ.
1367 2493 1372 2506 ι

150 2523 322 2579 cedentes
350 2472 613 2596 &gopmfflgnphfpsti
639 2525 668 2578 in
690 2543 798 2579 summo
825 2471 1152 2594 mpiqupmnffimcfflo,
1177 2541 1266 2594 quos

150 2599 268 2649 tamen
287 2595 381 2650 Deus
407 2613 458 2666 per
475 2595 648 2652 Severinum
676 2596 710 2651 de
728 2595 898 2650 Maloleone
926 2614 964 2650 ac
985 2596 1163 2650 bellatoribus
1180 2596 1265 2666 pluri·

149 2665 209 2734 mis,
236 2667 297 2734 qui
324 2667 447 2721 statim
475 2667 751 2736 applicuerant,
778 2667 936 2738 benigne
963 2668 1177 2722 consolatus
1202 2672 1264 2724 est.

114 2742 310 2808 choante
332 2764 413 2809 vero
437 2745 567 2810 'mense
590 2742 762 2808 Octobre²
788 2755 885 2810 civitas
909 2755 1058 2824 obsidione,
1084 2755 1165 2824 ferro,
1193 2755 1266 2810 fama
1276 2769 1305 2816 ν.
1313 2769 1359 2811 15⁸.

150 2831 178 2878 et
204 2826 364 2894 pestilencia
390 2827 511 2897 graviter
538 2825 648 2894 afflicta,
676 2827 744 2881 adeo
773 2833 804 2881 ut
830 2826 1024 2882 desiderabiles
1051 2825 1104 2881 cibi
1132 2827 1265 2895 deessent,

150 2896 226 2964 panis
254 2897 389 2967 corrupti
417 2897 609 2952 abundancia
635 2897 709 2952 fuit
732 2899 762 2951 in
789 2915 829 2954 ea.
866 2897 1005 2952 Durabilis
1025 2913 1081 2952 non
1099 2902 1140 2952 est
1158 2914 1266 2952 annona

149 2967 244 3038 Egipti
289 2973 384 3050 ropter
409 2969 507 3050 molles
533 2970 637 3040 glebas,
663 2969 692 3023 in
719 2969 819 3037 quibus
846 2969 953 3038 crescit,
980 2969 1032 3023 nisi
1050 2968 1174 3038 superius
1192 2969 1266 3023 circa
1356 2991 1360 2998 ²

150 3043 240 3108 partes
258 2986 398 3094 Bpabrlonis
416 3039 562 3095 artificiose
580 3045 758 3095 conservetur
775 3041 805 3094 in
823 3057 916 3096 annos.
946 3039 1061 3095 Diversa
1078 3057 1182 3123 genera
1193 3057 1265 3092 mor·

112 3109 247 3164 roborum
266 3111 404 3165 vexabant
421 3127 476 3168 eos.
512 3109 648 3165 Saldanus
666 3111 778 3166 eciam
802 3111 837 3166 ds
856 3110 900 3166 die
919 3111 948 3165 in
966 3110 1040 3165 diem
1057 3127 1134 3164 vanis
1151 3109 1266 3180 promis-

54 3185 84 3235 ἰ.
91 3187 139 3230 ³8⁹.
149 3181 269 3236 sionibus
287 3181 437 3251 impiosh
459 3182 584 3237 hortatus
603 3182 724 3252 'decepit
742 3183 862 3240 miseros.
893 3181 954 3236 Illis
973 3182 1068 3250 eciam,
1086 3181 1134 3250 qui
1153 3181 1219 3236 ioris
1236 3181 1266 3234 in

149 3251 270 3306 exercitu
288 3251 502 3307 Samaoencrum
529 3252 666 3308 fideles
692 3253 889 3322 obsederant,
916 3253 996 3323 copia
1023 3252 1101 3322 panis
1126 3257 1154 3306 et
1171 3251 1266 3321 pabuli

149 3323 223 3391 cepit
232 3323 398 3378 decrescere.
416 3323 496 3378 Nilus
508 3323 650 3395 siquidem,
660 3325 707 3393 qui
720 3329 782 3394 post
794 3324 894 3378 festum
907 3323 1371 3392 Iohannisbaptisteuaquess.c.1s.

149 3395 176 3446 in
195 3395 393 3450 exaltationem
411 3401 504 3450 amota
521 3395 609 3450 mucis
626 3397 697 3450 solet
714 3413 880 3464 excrescere,
897 3395 994 3466 Egipti
1011 3411 1140 3465 magnam
1157 3397 1266 3463 partem

112 3465 248 3520 sosiacum
267 3465 461 3535 reliquerat,
480 3483 533 3535 que
560 3485 612 3522 nec
630 3465 758 3521 seminari
776 3484 828 3522 nec
846 3467 918 3521 arari
935 3470 1044 3536 poterat
1063 3483 1112 3520 suo
1130 3469 1264 3534 tempore.

149 3535 231 3591 Unde
257 3537 385 3591 soldanus
413 3537 551 3593 caiatiam
578 3538 678 3593 timens
706 3543 734 3592 et
761 3537 871 3608 samem,
899 3537 985 3592 eciam
1011 3553 1105 3590 amore
1121 3535 1266 3590 retinenda

148 3606 274 3662 Damiate
292 3609 377 3663 talem
402 3626 499 3678 pacem
527 3625 589 3663 oum
609 3609 694 3663 fratre
712 3625 761 3662 suo
779 3607 953 3663 Corindano¹
979 3607 1138 3662 Christianis
1156 3607 1265 3675 obtulit,

149 3683 179 3731 ut
200 3697 309 3734 crucem
327 3685 458 3748 sanctam,
476 3697 529 3749 qua
542 3680 607 3735 olim
627 3684 707 3750 capta
725 3679 779 3734 fuit
796 3681 825 3734 in
843 3679 958 3734 victoria
976 3678 1106 3746 Saladini,
1125 3696 1188 3733 cum
1201 3679 1265 3733 civi-

148 3753 205 3805 tate
222 3755 316 3805 sancta
335 3755 362 3805 et
381 3751 506 3806 omnibus
525 3751 647 3820 captivis,
666 3751 712 3820 qui
731 3768 780 3820 per
798 3768 916 3822 regnum
933 3749 1074 3804 Babilonis
1092 3755 1121 3805 et
1139 3749 1266 3805 Damasci

114 3931 171 3976 tta)
184 3931 257 3979 plrata
271 3931 293 3980 1;
307 3941 348 3972 oss.
362 3929 390 3969 R.
431 3929 454 3978 b)
467 3930 499 3969 stc
508 3931 527 3968 t.
538 3931 559 3970 B
572 3941 619 3969 cum
633 3929 680 3970 eod.
695 3931 788 3980 ramam
802 3929 874 3973 raes.
888 3929 981 3977 cessara-
996 3939 1072 3969 manus
1086 3931 1141 3973 0110.
1181 3929 1202 3980 c)
1216 3921 1266 3980 pro·

149 3989 257 4023 eruerunt
271 3985 290 4025 1.
343 3982 583 4034 d)qffi01;qfid03.
637 3984 659 4036 a)
671 3983 702 4021 sto
717 3985 735 4025 1.
750 3983 782 4030 R,·
796 3982 897 4031 exigeret
912 3983 978 4031 culpa
991 3983 1046 4026 osse.
1091 3984 1197 4032 ntrsstu
1211 3986 1230 4026 1.
1240 3985 1266 4026 R.

149 4035 413 4132 &gakossduppusuetl
427 4037 481 4079 Otlr.
548 4037 572 4088 b)
585 4037 616 4076 stc
630 4039 649 4080 1.
663 4037 698 4085 B,-
718 4037 776 4086 ipsos
791 4035 845 4078 Otto.
918 4036 934 4086 l)
948 4037 979 4074 εἰσ
992 4036 1012 4075 R
1030 4037 1051 4079 Is.
1066 4037 1093 4085 1.,·
1114 4035 1224 4077 ceredano
1239 4039 1265 4086 13

152 4233 177 4298 1)
201 4231 248 4284 ux
273 4231 356 4284 atero
380 4231 454 4295 fonte
480 4231 543 4284 taso
567 4237 659 4284 asdor
683 4231 800 4295 Erford.
826 4233 970 4284 tumuisse
995 4233 1106 4288 videtur.
1144 4233 1186 4297 Cf.
1212 4232 1267 4285 Iac.

116 4301 180 4356 rode
195 4303 315 4354 Vitsteco
332 4305 420 4370 spata,
441 4303 577 4356 ‘Zsstscta
599 4304 620 4367 f.
639 4302 852 4367 Ks'rclsenqcecb!
870 4303 935 4368 XV,
959 4321 987 4372 p.
1006 4307 1067 4360 586.
1146 4306 1175 4370 2)
1197 4303 1267 4368 Quia

152 4373 272 4426 Oliva-us
294 4373 377 4442 paulo
402 4380 480 4426 anua
501 4375 598 4438 fastum
617 4373 765 4426 Comeret
785 4372 919 4426 Damians'
942 4375 1025 4444 (Sept.
1043 4378 1092 4438 27)
1117 4389 1267 4427 conmane-

150 4446 230 4512 rcos‘t,
248 4445 386 4498 chrosss'm
405 4444 466 4496 baec
484 4443 562 4497 certo
580 4446 724 4496 insessae
742 4444 853 4500 assur.
