3136 4990
271 331 307 385 38
387 327 414 384 S.
428 326 544 382 PETRI
562 325 824 383 ERPHESFURT.
844 325 1107 382 OONTINUATIO
1126 325 1272 381 EKKEH.

183 527 260 582 1131.
272 516 470 596 exposcunt.
517 509 617 590 Quod
651 513 685 575 et
721 511 877 595 profecto
909 511 1043 575 factum
1074 511 1208 587 luisset,
1244 510 1281 574 ni
1313 511 1391 594 pius

271 621 331 664 rex
355 600 539 664 Lotharins
571 600 603 663 ei
634 600 731 663 cuius
762 604 837 664 erat
866 600 977 664 frater
1008 601 1140 664 occisus
1171 599 1388 684 pepercisset,

273 710 312 754 eo
337 690 428 772 quod
458 690 548 754 idem
573 689 641 752 iam
668 689 800 752 dudum
823 689 931 774 raptis
959 689 1111 753 fascibus
1136 689 1241 753 etiam
1264 709 1390 754 nomen

270 778 337 842 sibi
368 778 501 862 regium
532 781 731 862 usurpasset
742 778 763 838 1.
817 777 993 862 Susceptis
1016 782 1134 842 tamen
1164 799 1226 862 pro
1256 779 1391 860 ingenti

270 867 335 931 sibi
381 868 547 952 promissa
592 868 761 952 pecunia²
806 867 993 941 obsidibus,
1039 868 1083 931 ad
1130 867 1268 951 propria
1312 888 1423 931 cums

270 957 446 1040 triumpho
471 957 619 1040 glorioso
642 957 829 1021 revertitur
852 977 911 1021 rex
933 956 1153 1020 Lotharius3.

124 1058 260 1108 (aarum)
377 1046 525 1110 Sinodus
549 1045 641 1128 apud
666 1044 834 1109 Leodium
865 1046 1039 1109 civitatem
1073 1045 1136 1108 sub
1168 1065 1259 1129 papa
1290 1045 1390 1109 Inno-

270 1135 384 1198 centio
417 1139 657 1218 congregatur.
705 1133 774 1198 Ubi
804 1136 962 1217 presente
993 1154 1073 1216 rege
1104 1133 1279 1211 Lothari0,
1311 1134 1391 1198 resi-

269 1224 431 1288 dentibus
454 1223 482 1286 L
506 1223 673 1307 episcopis
698 1243 775 1287 cum
798 1223 987 1287 innumeris
1005 1223 1213 1286 diversorum
1229 1224 1389 1287 ordinum

269 1313 431 1395 personis,
458 1310 543 1376 Otto
568 1311 864 1376 Halberstatensis
888 1313 1078 1395 episcopus,
1108 1312 1237 1375 dudum
1260 1313 1391 1376 Romae
1402 1337 1427 1374 ιο

268 1400 311 1464 ab
336 1401 491 1465 Honorio
515 1421 605 1484 papa
628 1401 835 1485 depositus⁴,
859 1419 995 1464 rursum
1015 1400 1294 1465 Halberstatensi
1318 1422 1390 1466 aec·

269 1489 393 1554 clesiae
417 1488 657 1553 annitentibus
680 1490 814 1554 cunctis
831 1490 1017 1574 preficitur,
1041 1511 1178 1554 rursum
1202 1490 1390 1575 episcopali

267 1579 474 1642 investitura
496 1599 517 1642 a
537 1599 627 1662 papa
643 1578 848 1642 Innocentio
865 1579 1023 1642 donatur.
1063 1579 1238 1642 Statuitur
1254 1600 1389 1662 quoque

267 1667 311 1731 ab
334 1667 492 1730 omnibus
516 1668 704 1732 secundum
728 1669 868 1732 decreta
891 1689 1060 1732 canonum
1083 1668 1173 1731 illud
1196 1669 1388 1751 antiquum,

267 1757 359 1838 quod
383 1776 516 1839 semper
539 1757 605 1820 erit
628 1757 871 1834 innovandum,
896 1758 1104 1840 presbiteros
1127 1760 1240 1821 castos
1264 1761 1300 1821 et
1315 1758 1426 1821 sinen

266 1844 430 1908 uxoribus
445 1864 527 1922 esse,
552 1846 690 1908 missam
714 1849 829 1909 autem
853 1846 989 1910 uxorati
1011 1845 1193 1930 presbiteri
1216 1848 1388 1910 neminem

267 1934 386 1998 audire
418 1932 551 1998 debere.
599 1935 655 1998 Ibi
683 1937 718 1998 et
743 1935 952 1999 Adelbertns
975 1935 1151 1999 marchio⁵
1174 1935 1216 1998 de
1241 1935 1389 1999 Saxonis

267 2023 461 2106 deponitur,
493 2025 530 2087 et
552 2023 738 2087 Heinricus
769 2024 912 2100 comes⁶,
944 2025 1004 2107 qui
1028 2028 1064 2087 et
1086 2025 1160 2108 ipsc
1181 2023 1279 2102 Saxo,
1312 2024 1388 2088 loco

267 2113 361 2176 eius⁸
388 2112 542 2176 marchio
566 2113 800 2176 constituitur.

178 2215 255 2269 1132.
291 2211 373 2269 VIII.
408 2202 511 2265 Anno
535 2201 676 2265 Domini
699 2199 934 2265 MOXXXH0.
976 2201 1124 2265 Sanctus
1141 2200 1427 2266 Gothehardusro

266 2310 357 2353 anno
382 2289 598 2354 dormitionis
622 2309 682 2354 sue
707 2288 750 2353 0⁰
765 2291 875 2374 primo
887 2289 906 2367 ⁷,
931 2291 1040 2374 ipsius
1064 2291 1148 2354 anni
1172 2291 1226 2355 die
1251 2291 1386 2366 ultimo,

170 2378 356 2442 narrilllI.
378 2379 467 2442 Non.
485 2378 565 2462 May
589 2379 625 2440 in
647 2377 911 2443 Hildenesheim
935 2400 953 2443 e
976 2384 1070 2443 terra
1092 2379 1263 2454 levatur⁸;
1289 2380 1388 2444 cuius

265 2467 441 2550 signorum
471 2466 666 2530 admirabili
697 2467 936 2551 magnitudine
967 2469 1077 2532 omnis
1102 2467 1288 2534 Germania
1310 2469 1386 2532 illu·

266 2559 376 2619 strata
399 2555 530 2620 letatur
540 2555 561 2617 ⁹.

180 2667 257 2717 (aa.)
372 2644 447 2708 Rex
471 2645 657 2708 Lotharins
681 2665 759 2708 cum
782 2646 904 2728 regina
925 2646 1068 2710 Richina
1090 2646 1234 2712 Romam
1260 2645 1424 2731 ‘pergitis

267 2733 311 2796 ad
341 2733 552 2798 visitandum
581 2755 727 2818 regnum
758 2733 921 2798 Italicum
952 2756 1081 2819 suoque
1112 2735 1264 2799 dominio
1294 2727 1490 2798 man-'2⁵³2

267 2822 462 2905 cipandum,
493 2824 538 2887 ad
560 2823 812 2888 restituendum
844 2845 967 2908 papam
994 2825 1237 2888 Innocentium
1262 2823 1316 2887 *in
1340 2844 1484 2890 semna

267 2903 365 2975 deml
393 2911 628 2995 apostolicam,
653 2913 696 2976 ad
718 2913 971 2995 suscipiendam
994 2913 1207 2998 imperialem
1231 2913 1386 2978 benedic·

266 3000 411 3076 tionem,
447 3001 619 3068 modicum
655 3001 793 3084 quidem
836 3022 897 3085 pro
932 3022 1046 3066 rerum
1077 3002 1223 3086 negocio
1258 3002 1387 3068 ducens

267 3090 465 3164 exercitum,
478 3089 574 3153 mille
590 3090 723 3154 scilicet
736 3093 771 3154 et
787 3085 994 3172 quingentos
1010 3094 1220 3155 armatorum
1236 3095 1385 3168 tantum,
1397 3118 1423 3158 sn

267 3178 327 3243 sed
350 3179 387 3241 in
410 3178 560 3242 Domino
584 3198 644 3262 per
667 3179 782 3242 omnia
805 3180 969 3257 confisus;
1001 3180 1092 3262 quod
1116 3184 1152 3244 et
1174 3201 1289 3245 rerum
1313 3202 1387 3263 pro·

265 3267 362 3331 bavit
378 3269 531 3333 eventus.
565 3268 724 3350 Augusta
740 3267 860 3331 civitas
877 3289 898 3332 a
912 3269 1003 3352 regis
1018 3269 1172 3333 exercitu
1185 3269 1385 3348 destruitur,

265 3356 345 3440 igne
376 3360 558 3433 crematur,
588 3355 729 3440 plurimi
760 3355 802 3421 de
833 3357 965 3421 civibus
998 3359 1127 3443 captivi
1154 3358 1385 3437 abducuntur,

265 3553 287 3606 a)
301 3567 342 3604 pro
356 3566 382 3594 co
396 3555 422 3601 Ε.
437 3556 461 3599 P.
515 3556 538 3604 b)
552 3559 626 3605 apost.
638 3556 713 3596 sedem
728 3555 753 3599 Ε,
767 3556 792 3600 P.

266 3721 293 3792 1)
312 3723 347 3774 In
359 3723 468 3791 Scurio,
483 3725 569 3791 paulo
583 3731 725 3792 postquam
737 3725 830 3776 Kauto
842 3724 964 3776 Loward
982 3727 1080 3778 omissa
1098 3732 1143 3792 cst,
1163 3726 1263 3778 Ericus
1280 3727 1386 3780 Emtae
1395 3740 1421 3780 ss

264 3810 314 3846 roa
338 3800 442 3847 croam
466 3801 520 3856 esa·
549 3798 583 3861 cs.
602 3796 674 3848 Hr'st.
693 3795 825 3862 Roskild„
850 3795 899 3851 SS.
923 3795 1033 3863 XXIX,
1051 3815 1078 3865 p.
1092 3799 1142 3863 243
1170 3797 1244 3850 Saxo
1262 3798 1278 3852 l.
1299 3799 1383 3862 XIII,

264 3866 287 3929 s.
302 3881 434 3931 cxxrrrr,
460 3867 498 3921 od.
518 3866 618 3918 Mulier
638 3884 668 3934 p.
689 3868 741 3922 645
760 3883 813 3934 sq.,·
838 3868 910 3921 Ana.
931 3867 1042 3932 Coloba,
1068 3868 1115 3922 SS.
1135 3868 1246 3936 XXIX,
1268 3885 1298 3936 p.
1319 3871 1384 3938 175;

264 3935 364 4002 Istud„
383 3937 532 4003 lapsos.
586 3939 614 4004 2)
630 3941 877 3994 4000nrorcorum.
898 3939 939 4003 Of.
953 3938 1112 3991 Berabards‘
1129 3941 1146 3994 l.
1157 3941 1174 3994 l.
1183 3957 1213 4008 p.
1224 3943 1285 4006 407,
1302 3957 1330 3995 n.
1341 3944 1384 3997 60.

264 4007 292 4074 3)
308 4008 409 4059 Audor
433 4023 487 4060 non
512 4014 578 4060 rare
602 4009 793 4074 czpcddioncm
819 4009 953 4062 Danaam
978 4015 1039 4061 anic
1068 4011 1198 4076 synodum
1216 4011 1384 4065 Laoddnscm

263 4080 406 4141 samarit·
431 4079 589 4131 Bamhardi
606 4079 623 4134 l.
638 4081 655 4134 l.
673 4097 703 4147 p.
723 4081 785 4146 407,
810 4097 837 4134 n.
852 4083 894 4136 60.
970 4081 1000 4150 4)
1025 4080 1118 4150 Supra
1142 4099 1168 4136 o.
1190 4084 1268 4146 1128,
1289 4099 1319 4150 p.
1340 4086 1419 4138 364⁰

263 4148 638 4218 5)0rrma1a,009nomrm
662 4151 754 4206 Urna.
828 4152 856 4218 6)
875 4153 907 4204 dc
920 4153 1069 4208 Groitzsob.
1134 4155 1160 4218 7)
1181 4153 1271 4207 Fobo.
1301 4154 1383 4207 Goda-

263 4221 369 4274 bardae
387 4219 449 4274 obiit
467 4239 492 4275 a.
507 4223 584 4276 1038.
603 4223 677 4274 Mais·
688 4225 712 4278 ὃ.
785 4221 814 4290 8)
834 4223 875 4286 Cf.
888 4223 961 4278 Ana.
975 4223 1003 4278 S.
1016 4223 1092 4276 Petri
1107 4230 1173 4289 ont,
1193 4239 1280 4290 supra
1294 4241 1325 4291 p.
1340 4228 1381 4280 17.

263 4293 290 4360 9)
311 4291 354 4357 Of.
373 4293 482 4347 Trnml.
500 4293 528 4347 S.
547 4294 703 4346 emehardi
719 4309 740 4348 o.
754 4295 778 4348 2.
791 4297 816 4361 3,
836 4295 884 4349 SS.
897 4293 966 4361 XII,
981 4311 1011 4361 p.
1025 4297 1077 4350 643
1095 4311 1150 4363 sqq.
