3182 4996
203 1285 280 1340 1469.

189 1354 239 1398 nm,
249 1355 281 1396 aa.

204 2200 280 2254 1470.

195 2394 239 2436 luz.
249 2395 280 2436 15.

202 3724 279 3779 1316.

289 503 342 557 428
449 497 642 555 GRONIOAE
657 499 686 556 S.
697 498 814 555 PETRI
825 498 985 556 ERFOBD.
1004 497 1204 554 APPBNDIX
1212 499 1264 554 VI.

289 689 427 758 Martini,
447 689 576 759 Nicolai,
596 687 741 747 Servacii.
771 689 819 746 De
843 693 965 764 septem
983 689 1136 764 episcopis
1151 689 1406 757 treverensibus,

289 778 425 836 Modesti
454 779 601 853 episcopi,
632 778 804 846 Benedicti,
837 777 949 853 Egidii,
978 776 1070 846 Galli,
1099 779 1217 836 Zozimi
1247 777 1406 847 abbatis⁸,

290 866 388 924 Marie
399 867 597 942 Magdalene,
610 867 756 936 Barbare,
768 867 976 942 Margarethe,
990 865 1112 936 Ceoilie,
1125 865 1270 936 cristine,
1282 867 1407 924 Fevelle

290 957 420 1032 virginis
443 960 476 1014 et
498 957 614 1032 regine,
638 955 776 1029 Hylarie,
800 955 971 1013 Felicitatis
994 957 1141 1014 martiris.
1180 955 1320 1028 Quomm
1344 973 1407 1013 me·

290 1045 369 1113 ritis,
393 1045 508 1102 auxilio
538 1050 571 1102 et
600 1045 822 1102 intercessione
851 1045 937 1118 ipsas
967 1049 1107 1102 sacratas
1129 1049 1317 1103 venerantes
1340 1045 1431 1102 reli-s

290 1135 380 1209 quiae
409 1134 460 1192 hic
492 1135 628 1208 presenti
657 1134 818 1209 gaudeant
847 1133 987 1191 subsidio
1017 1137 1050 1191 et
1071 1135 1104 1191 in
1126 1133 1234 1192 futuro
1257 1151 1407 1192 annume-

290 1224 351 1280 rari
374 1226 525 1298 perpetuo
548 1223 656 1280 celesti
679 1239 716 1280 ac
737 1222 820 1280 felici
843 1226 1024 1280 mereantur
1046 1223 1215 1280 consorcio.
1249 1225 1361 1280 Amen.

396 1298 498 1369 Itemb
526 1311 638 1369 eodem
661 1311 711 1368 die
734 1311 900 1368 benedicta
922 1311 984 1368 init
1005 1328 1121 1386 ymago
1144 1312 1308 1369 salvatoris
1331 1315 1407 1369 ante

290 1401 443 1476 capellam
467 1401 568 1458 sancti
590 1399 741 1457 Iohannis
764 1400 911 1474 baptiste.
958 1400 996 1456 In
1019 1417 1081 1476 qua
1108 1400 1236 1476 quidem
1258 1401 1407 1475 ymagine

289 1490 347 1547 hee
370 1489 499 1564 reliquie
521 1487 681 1546 recondite
704 1492 795 1546 sunt:
825 1489 874 1546 De
904 1489 1047 1564 sepulcro
1069 1489 1206 1546 Domini.
1252 1489 1299 1546 De
1321 1489 1407 1564 ligno
1418 1510 1444 1548 10

289 1579 426 1647 Domini,
459 1578 555 1635 Marci
590 1577 793 1652 evangeliste,
827 1577 988 1636 Adelberti
1021 1579 1159 1653 episcopi
1193 1582 1226 1636 et
1258 1579 1406 1646 martiris,

290 1665 452 1725 Cristofori
467 1666 614 1724 martiris.
652 1666 699 1724 De
722 1667 844 1742 legione
858 1667 1066 1737 Thebeorum,
1090 1665 1225 1742 Crispini
1247 1671 1279 1724 et
1295 1665 1407 1742 Crispi·

291 1756 388 1824 niani,
409 1755 530 1813 Ciriaci.
565 1755 612 1812 De
636 1755 734 1830 digito
757 1757 859 1813 sancti
874 1755 1037 1813 Laurencii
1060 1757 1207 1825 martiris,
1231 1756 1311 1812 lusti
1327 1773 1406 1813 mar·

290 1845 368 1914 tiris,
393 1844 529 1902 Modesti
552 1845 698 1902 martiris.
744 1845 792 1902 De
822 1849 944 1920 septem
973 1846 1127 1920 episcopis
1150 1845 1406 1914 treverensibus,

290 1934 428 2002 Martini,
451 1934 633 2009 Augustini.
667 1933 714 1990 De
737 1937 825 1992 costa
848 1935 950 1991 sancti
967 1934 1119 2009 Wigberti
1142 1934 1295 2009 episcopi;
1319 1933 1444 1992 Astrers

290 2023 436 2092 martiris,
472 2021 594 2092 Oecilie,
629 2023 837 2097 Margarethe,
871 2022 1018 2092 Barbare,
1048 2023 1247 2092 Potenciane,
1281 2022 1407 2098 Pelagio

289 2109 482 2187 virginum⁰,
505 2112 676 2170 Felicitatis
700 2112 846 2169 martiris.

398 2189 524 2261 ‘Iceni
544 2195 816 2279 sequentianno,
842 2194 975 2259 scilicet
993 2198 1076 2258 1470
1088 2195 1108 2270 ¹,
1130 2193 1174 2259 ab
1190 2194 1311 2260 eodem
1327 2215 1406 2277 quo·
1417 2218 1481 2264 *aa

290 2304 356 2367 que
380 2285 540 2368 episcopo
564 2287 799 2348 consecratum
822 2283 893 2348 fuit
916 2283 1026 2349 altare
1049 2303 1128 2348 cum
1144 2283 1278 2367 capella
1300 2283 1338 2346 in
1358 2283 1406 2346 in·

290 2372 479 2436 firmitorio.
527 2370 632 2436 Cuius
671 2371 847 2436 dedicacio
885 2371 1080 2437 celebratur
1118 2372 1290 2436 dominica
1324 2374 1443 2435 antero

289 2460 418 2526 Allexii
449 2459 662 2524 confessoris.
710 2465 778 2538 Que
810 2471 887 2525 tunc
921 2467 1040 2542 capella
1073 2471 1256 2526 consecrata
1291 2470 1341 2524 est
1372 2467 1407 2523 in

289 2555 406 2612 honore
429 2555 531 2612 sancti
545 2554 709 2612 Benedicti
731 2555 865 2625 abbatis,
890 2555 1028 2631 Gregorii
1045 2573 1135 2631 pape,
1154 2555 1268 2613 Allexii
1286 2555 1406 2612 confes·

288 2645 377 2713 soris,
408 2642 529 2701 Servuli
563 2644 760 2714 contessoris,
792 2645 952 2704 Elisabeth
986 2645 1081 2702 vidue
1115 2648 1147 2702 et
1181 2649 1289 2702 sancte
1318 2643 1407 2701 Aiire

289 2734 435 2790 martiris.
482 2732 520 2790 In
543 2749 605 2808 quo
628 2733 757 2808 quidem
779 2734 870 2791 altari
893 2734 1068 2809 subscripta
1092 2737 1273 2791 sanctorum
1301 2749 1406 2791 recon-

290 2822 354 2879 dite
384 2838 470 2879 sacre
501 2819 596 2879 sunt⁰
625 2821 769 2898 reliquie:
801 2823 919 2880 Mathia
949 2817 1095 2897 apostoli.
1136 2822 1184 2880 De
1207 2823 1406 2880 vestimentis
1416 2839 1444 2880 au

289 2911 390 2968 sancti
405 2910 490 2968 Petri
505 2911 649 2986 apostoli.
681 2911 728 2968 De
743 2927 834 2970 cruce
857 2911 959 2969 sancii
974 2911 1099 2969 Andree
1114 2912 1258 2986 apostoli.
1289 2911 1406 2968 Decem

289 3000 411 3057 milium
441 3001 616 3069 martirum,
647 2999 793 3075 Gaugolfl
823 3000 969 3070 martiris,
1000 2999 1125 3075 Georgii
1155 3001 1301 3070 martiris,
1325 2999 1407 3057 Iusti

290 3089 437 3158 martiris,
460 3087 571 3147 Ciriaci
586 3090 733 3160 martiris,
757 3089 921 3147 Laurencii
935 3089 1072 3147 martiris
1095 3093 1128 3147 et
1150 3090 1297 3164 episcopi,
1321 3089 1406 3146 Basi-

289 3178 361 3235 lidis
390 3179 537 3248 martiris,
573 3183 755 3236 sanctorum
784 3178 982 3236 ssebeorum
1015 3179 1191 3246 martirum,
1224 3183 1406 3236 sanctorum

289 3267 485 3335 Maurorum,
518 3265 679 3336 Eucherii,
711 3265 847 3324 Materni
875 3270 908 3325 et
935 3267 1050 3324 Valerii
1080 3267 1312 3342 episcoporum,
1347 3267 1444 3325 Deso

289 3342 413 3414 cenniir
432 3356 569 3430 episcopi
592 3360 624 3413 et
646 3355 845 3414 contessoris.
879 3356 925 3413 De
949 3356 1017 3414 oleo
1039 3355 1131 3414 beate
1154 3355 1326 3414 Katherine
1347 3355 1406 3412 vir·

289 3445 370 3521 ginis
394 3448 426 3502 et
441 3445 588 3513 martiris,
612 3444 820 3520 Margarethe,
845 3443 966 3513 Cecilie,
990 3444 1146 3502 Undecim
1170 3445 1292 3502 milium
1315 3444 1406 3519 virgi·

289 3552 377 3604 num,
405 3532 570 3592 Gertrudis
599 3533 740 3609 virginis.
781 3533 827 3591 De
857 3533 961 3608 lapide
990 3551 1102 3608 specus
1126 3533 1210 3590 beati
1232 3532 1395 3590 Benedicti

289 3623 387 3698 patris
411 3624 521 3680 nostri.
567 3622 614 3679 De
637 3623 736 3698 spinis
760 3622 814 3680 ubi
837 3622 1040 3680 volutabatur
1062 3638 1174 3698 corpus
1198 3623 1275 3680 eius.

396 3707 521 3770 Annos
536 3705 676 3769 Domini
695 3703 952 3770 M⁰OOO⁰XVI⁰
975 3707 1211 3770 consecratum
1228 3709 1280 3770 est
1296 3703 1407 3768 altare
1417 3727 1443 3768 rs

288 3795 325 3859 in
348 3795 488 3860 sinistra
511 3797 608 3878 parte
632 3794 775 3860 ecclesie
799 3797 919 3858 contra
942 3796 1047 3880 caput
1069 3793 1219 3878 sepulcri
1241 3793 1407 3858 comitum

289 3884 332 3948 de
362 3883 505 3948 Glichin
538 3884 575 3946 in
609 3884 739 3948 honore
773 3885 970 3947 sanctorum
1001 3880 1235 3967 apostolorum
1264 3881 1405 3956 Thome,

289 3971 446 4055 Symonis
470 3975 506 4036 et
529 3970 616 4036 Iude
640 3973 819 4055 sanctique
843 3969 993 4036 Oswaldi
1022 3972 1113 4056 regis
1136 3971 1173 4034 in
1196 3971 1251 4035 die
1275 3973 1407 4035 sancto·

288 4161 310 4212 a)
324 4161 420 4213 abbtfc.
462 4160 485 4208 b)
500 4161 635 4204 mininam
649 4161 740 4206 axvi.
754 4163 972 4213 adscripifflmago
986 4161 1146 4202 autentorum.
1186 4160 1206 4211 c)
1222 4143 1235 4199 ι’·
1249 4172 1266 4202 c.
1310 4159 1333 4210 d)
1347 4161 1409 4202 rubr.

288 4227 355 4254 manu
368 4227 386 4258 a.
398 4215 459 4257 ΧΠ.
472 4215 596 4264 adsmipia:
613 4215 647 4254 Ad
661 4219 763 4256 sancum
778 4216 863 4256 Alium
877 4218 900 4256 in
914 4215 1061 4256 infirmitorio.
1114 4217 1137 4262 s)
1150 4215 1183 4254 th
1195 4225 1245 4264 ser„
1260 4214 1352 4254 cum
1366 4215 1408 4256 dcl.
1417 4218 1446 4258 lc

288 4269 350 4318 oete
362 4279 379 4310 c.
432 4267 457 4319 a)
471 4269 532 4310 mbr.
545 4279 612 4308 manu
625 4279 642 4311 e.
652 4269 716 4312 XVI.
730 4271 854 4319 smmpto:
868 4270 904 4309 Ad
916 4273 1017 4310 unctum
1027 4269 1142 4313 Theman.

291 4412 317 4477 1)
334 4409 390 4538 ἔδοτε
408 4425 479 4463 cuno
497 4410 567 4462 tnnc
585 4411 715 4477 capelhrm
732 4417 907 4463 mintriacum
924 4427 978 4464 csse
1001 4411 1066 4464 dicit
1090 4411 1169 4464 dium
1188 4411 1248 4467 Nic.
1266 4411 1299 4462 da
1315 4409 1408 4476 Sicyon

285 4499 314 4551 p.
388 4524 395 4538 .
