3130 4990
311 441 362 498 108
397 437 576 494 ANNALES
595 438 783 496 ERPHORD.
802 439 991 495 FRATRUM
1007 437 1345 494 PRAEDIGATORUM.

223 628 299 680 1250.
310 627 426 686 autem
451 623 616 706 deposito,
647 623 773 688 festiva
795 624 998 688 vexillorum
1022 623 1233 688 exhibitione
1257 622 1322 686 sibi
1347 642 1425 686 con-

310 711 477 775 traditum
489 711 508 789 1,
534 711 703 777 violenter
732 733 771 777 eo
801 713 929 777 iniuste
960 713 1151 795 occupavit.
1198 711 1289 775 Dein
1318 711 1427 776 tertia

310 800 365 864 die
388 800 529 864 veniens
544 800 738 864 Ysenacum
763 822 783 864 a
807 801 942 865 ducissa
965 801 1175 865 Brabantie²
1197 799 1260 863 sub
1283 800 1425 864 nomine

308 889 435 954 tutoris
462 889 569 973 ipsius
593 889 679 954 lilii3
704 889 818 953 nobile
848 890 938 953 illud
966 893 1115 954 castrum
1139 889 1320 952 Wertberc
1345 909 1422 953 cum
1490 890 1496 900 '

309 981 385 1040 tota
407 976 531 1041 Hessie
553 981 647 1042 terra
670 979 715 1042 ad
738 1000 846 1043 annos
868 979 901 1040 X
925 980 1179 1043 commodatum
1202 978 1364 1062 suscepit.
1442 993 1457 1032 ⁵

415 1065 492 1131 Hoc
516 1087 606 1130 anno
629 1089 754 1131 norum
779 1067 862 1132 belli
885 1087 1002 1150 genus,
1026 1067 1152 1130 immol
1179 1066 1295 1130 dolose
1318 1066 1424 1130 tradi·

309 1155 413 1219 tionis
448 1156 606 1219 auditum
640 1159 703 1221 est.
750 1155 839 1220 Nam
874 1177 951 1220 cum
987 1156 1180 1220 Bremensis
1214 1155 1353 1238 presul4
1388 1159 1425 1219 et

311 1265 422 1308 comes
446 1244 634 1309 Holsacie⁵
663 1247 782 1310 contro
812 1265 927 1328 regem
954 1244 1084 1308 Dacie⁶
1113 1243 1205 1308 bella
1234 1247 1423 1321 moverent,

309 1333 416 1417 ipsius
446 1353 645 1416 germanum
672 1335 811 1398 nomine
835 1333 933 1410 Abel,
959 1335 1080 1398 ducem
1103 1332 1265 1397 videlicet
1289 1327 1422 1410 Iuoiel,

309 1422 375 1486 sibi
398 1442 534 1504 quoquo
557 1423 658 1486 modo
682 1424 952 1498 associaverunt;
983 1423 1043 1505 qni
1071 1421 1173 1485 fratri
1196 1443 1258 1486 suo
1280 1423 1318 1484 in
1342 1421 1423 1486 dolo
1435 1439 1463 1477 10

310 1510 561 1586 confederatus,
592 1511 674 1574 dum
702 1511 739 1574 in
762 1513 857 1595 regia
879 1512 963 1576 villa
986 1510 1115 1576 Slesvic
1138 1512 1279 1594 pacifice
1303 1531 1423 1576 conve·

310 1600 450 1677 nisseut,
481 1621 551 1664 non
574 1599 664 1664 siout
687 1600 785 1678 Abel,
817 1601 877 1666 sed
900 1601 989 1664 sicut
1021 1600 1224 1664 maledictus
1247 1597 1334 1663 Cain
1356 1599 1424 1663 fra-

309 1689 435 1752 tricida
450 1689 581 1752 dictum
600 1709 716 1772 regem
738 1690 775 1752 in
791 1689 929 1753 vincula
950 1690 1034 1754 iecit
1057 1710 1095 1753 ao
1119 1689 1199 1752 navi
1221 1688 1424 1772 impositum

310 1781 412 1860 atque
444 1778 630 1842 deductum
660 1799 730 1842 non
759 1778 861 1861 longe
890 1800 910 1842 a
937 1779 1078 1842 civitate
1107 1778 1144 1840 in
1168 1778 1316 1860 quodam
1346 1777 1423 1842 loco

310 1865 473 1931 decollari
503 1867 666 1950 precepit.
713 1865 781 1946 Qui
809 1867 953 1932 fratrem
983 1867 1154 1950 quendam
1184 1866 1313 1930 ordinis
1344 1867 1462 1930 Pre¹⁵

310 1955 501 2019 dicatorum
532 1957 711 2034 advocans,
742 1957 815 2019 utic
843 1956 966 2020 melius
989 1955 1105 2039 potuit
1129 1954 1336 2030 confessus⁷,
1369 1956 1423 2020 de·

308 2045 389 2108 inde
419 2043 572 2109 lictorem
603 2046 746 2129 rogarit,
776 2048 816 2108 nt
845 2065 880 2109 se
903 2045 1051 2129 primum
1081 2044 1298 2108 membratim
1328 2047 1424 2107 trun·

309 2137 403 2197 caret
419 2154 458 2198 ao
474 2135 522 2198 sio
539 2133 743 2210 decollaret;
768 2128 882 2216 quood
901 2135 1033 2198 factum
1058 2136 1119 2198 est.
1157 2131 1288 2217 Corpus
1312 2133 1421 2217 ipsius

213 2243 296 2289 Aroe.
309 2223 412 2286 armis
445 2222 641 2286 involutum
675 2223 778 2287 fluvio
813 2224 1053 2288 immerserunt
1080 2221 1120 2286 V.
1145 2222 1230 2285 Idus
1258 2223 1422 2304 Augusti.

309 2311 393 2374 Post
422 2311 486 2376 hec
516 2315 605 2374 nutu
629 2311 695 2375 Dei
725 2312 817 2376 idem
841 2332 964 2394 corpus
988 2311 1159 2394 quesitum
1183 2313 1218 2375 et
1241 2311 1461 2375 inventumro

308 2400 344 2462 in
375 2401 532 2482 predicta
564 2400 704 2464 civitate
739 2401 773 2463 in
806 2401 951 2465 ecclesia
984 2401 1132 2463 iraham
1162 2399 1423 2464 Predieatorum

309 2488 494 2552 honorifice
518 2487 692 2571 sepultum
716 2493 778 2552 est.

415 2576 492 2640 Hoc
527 2597 616 2640 anno
651 2579 842 2662 perniciosa
876 2577 1046 2642 discordia
1082 2577 1174 2642 inter
1207 2597 1353 2662 regnum
1387 2580 1424 2642 et

309 2666 539 2729 sacerdotium
572 2666 642 2728 iam
671 2666 766 2730 XIII
796 2667 895 2730 annis
925 2667 1047 2730 habita
1076 2687 1118 2730 ex
1147 2668 1244 2749 parte
1274 2665 1345 2729 fuit
1375 2685 1424 2731 se-

207 2753 401 2826 raradata,
425 2776 505 2818 nam
529 2754 723 2820 Fridericns
746 2756 918 2837 quondam
941 2755 1129 2839 imperator
1144 2754 1266 2818 Idibus
1281 2754 1461 2820 Decem-so

311 2842 379 2906 bris
402 2844 438 2905 in
463 2843 582 2907 Sicilia
604 2847 656 2908 est
679 2843 865 2908 defunctus
889 2865 928 2908 ac
951 2845 989 2907 in
1011 2843 1169 2908 Palerme
1191 2843 1357 2928 sepultus.

415 2931 492 2996 Hoc
516 2953 606 2997 anno
630 2934 764 2997 cunctis
787 2933 829 2997 ab
854 2934 1006 2997 exercitu
1030 2932 1183 2996 fidelium
1207 2933 1244 2995 in
1260 2931 1426 2996 Damiata

309 3023 349 3082 ut
373 3020 439 3085 sibi
461 3021 644 3085 videbatur
667 3022 863 3106 dispositis8
878 3055 920 3065 -
936 3022 1068 3086 fecerat
1087 3021 1179 3086 enim
1202 3042 1262 3085 rex
1277 3020 1424 3086 Francie

308 3108 345 3172 in
368 3109 430 3173 illa
459 3110 704 3194 episcopatum,
735 3111 926 3194 prebendas
950 3115 985 3175 et
1009 3111 1190 3174 canonicos
1220 3110 1264 3174 ob
1289 3109 1424 3174 cultum

155 3219 258 3268 aurae,
267 3222 299 3263 a.
310 3199 462 3262 divinum
478 3219 538 3276 -;
563 3200 623 3263 sed
638 3199 719 3281 quia
742 3220 842 3264 nemo
858 3202 972 3284 potest
996 3199 1143 3263 dominis
1166 3199 1291 3263 servire
1316 3198 1461 3264 diverso

309 3287 364 3363 sis,
389 3287 464 3353 Deo
487 3287 619 3352 scilicet
642 3291 678 3352 et
701 3289 812 3352 carni:
842 3309 920 3351 nam
943 3308 1002 3352 rex
1026 3287 1169 3352 Francie
1192 3287 1288 3350 inani
1310 3287 1425 3370 gloria

308 3376 420 3440 elatus
443 3377 558 3453 solis⁰,
582 3377 728 3442 exclusis
751 3379 873 3442 ceteris
896 3377 1094 3460 peregrinis,
1126 3375 1295 3441 bellorum
1318 3375 1426 3441 victo

308 3466 393 3529 riam
418 3465 484 3529 sibi
498 3466 635 3548 suisque
650 3465 809 3530 voluerat
825 3465 996 3541 'adscribi
1021 3486 1083 3530 nec
1100 3464 1330 3549 pugnantium
1349 3485 1510 3549 pre-ease.

309 3555 388 3618 dam
404 3554 573 3638 equaliter
589 3554 778 3638 dispertiri;
804 3558 1013 3639 quapropter
1029 3555 1111 3617 dum
1134 3555 1171 3617 in
1188 3556 1311 3636 quarta
1333 3554 1425 3618 feria

218 3667 271 3715 apr.
279 3667 298 3708 o.
308 3647 386 3726 post
416 3647 572 3708 octavam
603 3645 728 3726 pasche
759 3644 928 3708 exercitus
951 3643 1093 3706 Domini
1123 3663 1201 3706 cum
1225 3641 1461 3707 sarracenisco

308 3731 516 3797 fiducialiter
546 3732 786 3810 committeret,
815 3731 951 3796 occulto
974 3732 1042 3796 Dei
1071 3731 1199 3796 iudicio
1223 3731 1334 3796 victus
1359 3736 1422 3810 est,

307 3897 321 3926 s
343 3887 386 3925 imo
401 3887 419 3927 1.
460 3886 482 3935 1))
496 3885 664 3933 memora,
678 3887 773 3927 'l'usclae
788 3889 806 3930 1.
852 3885 873 3938 c)
887 3888 1008 3936 emendam
1022 3886 1061 3926 ubl
1075 3888 1095 3929 1.
1135 3882 1158 3935 d)
1172 3887 1425 3936 etsomuppleudum.

307 3951 320 3980 ο
343 3940 538 3987 οιιιοιιιὶιιιιίςιοΙιιι
552 3943 571 3978 1.

308 4065 334 4128 1)
345 4064 379 4117 A.
395 4065 472 4119 1243.
490 4064 552 4117 Ian.
565 4065 615 4128 30,
633 4064 698 4130 Καρ.
711 4064 823 4131 Imp.V,
842 4081 886 4120 nr.
899 4065 977 4119 3372.
1031 4065 1060 4130 2)
1074 4063 1197 4130 Sophiae.
1253 4065 1423 4132 3JHer‘nrs'cr'.

307 4136 350 4199 Cf.
365 4135 444 4190 Cron.
456 4127 649 4188 Boedas-debr.
668 4137 786 4200 a.1248,
801 4152 832 4202 p.
846 4138 906 4191 619.
960 4137 989 4204 4)
1010 4135 1169 4188 Gerhardue
1181 4135 1220 4190 ΙΙ.
1275 4137 1303 4204 5)
1322 4136 1462 4190 lobon-ro

306 4206 387 4260 ncrI.
406 4213 430 4260 et
445 4205 638 4259 Gertordusl.
702 4208 729 4273 6)
751 4207 863 4258 Faaarm
881 4205 1092 4273 Plopbpeaainp.
1147 4207 1175 4274 7)
1195 4207 1238 4271 of.
1252 4209 1322 4260 Ana.
1336 4207 1423 4272 Stoa,

307 4277 355 4332 SS.
374 4277 457 4343 XVI,
477 4293 507 4343 1³·
527 4279 594 4344 373,
623 4275 710 4329 Cotol.
735 4293 834 4344 repam.
860 4278 932 4332 Dan.
959 4279 1011 4342 IV,
1038 4277 1088 4330 SS.
1110 4277 1222 4344 XXIX,
1247 4296 1278 4345 p.
1298 4281 1349 4334 171
1368 4295 1425 4346 sq„⁵

307 4351 378 4403 Aan.
388 4349 487 4414 laced,
501 4348 536 4402 ib.
546 4365 574 4416 p.
585 4349 649 4414 ‘2083
668 4347 766 4400 Oleros.
780 4349 910 4414 Siolond,
928 4348 963 4401 ib.
972 4366 1001 4416 p.
1012 4350 1073 4404 215.
1128 4350 1156 4416 8)
1166 4349 1426 4401 NoadoDamiata
1476 4368 1486 4379 ·

306 4425 384 4488 copto
402 4435 488 4489 supro
506 4419 578 4471 nihil
593 4419 706 4472 relatum
724 4435 784 4474 eser.
