3208 5006
432 486 624 542 daemona
642 487 806 543 MINORIS
825 487 1087 544 CONTINUA'I'IO
1101 489 1145 543 VI
1147 529 1153 542 .
1303 493 1352 549 701

237 673 396 736 dominus
420 672 594 737 Iohannes
618 693 706 756 papa
732 673 907 756 predictus
938 675 1078 757 propter
1107 673 1273 756 quosdam
1304 693 1356 737 ex·

238 781 361 834 cessus,
386 765 426 823 ut
450 761 587 839 dicitur,
605 760 826 825 Ludewioum
850 762 886 824 in
911 782 973 825 sua
995 761 1113 844 gracia
1135 783 1205 825 non
1221 762 1354 838 babuit,

237 851 349 934 ipsum
384 849 421 912 in
451 849 593 913 diversis
628 850 812 932 provinciis
843 851 1170 916 excommunicando
1204 851 1356 915 ubicum-

237 959 303 1021 que
327 939 443 1022 potnit
471 938 662 1020 impedivit,
694 941 729 1002 et
753 937 854 1002 ambo
884 959 920 1003 se
951 939 1096 1003 invicem
1119 940 1356 1023 vituperantes

211 1027 404 1110 squasdam
434 1025 569 1091 litteras
600 1047 677 1090 cnm
713 1027 910 1091 enormibus
945 1028 1100 1091 articulis
1135 1029 1201 1092 sibi
1236 1031 1357 1091 mutuo

239 1116 448 1180 direxerunt.

346 1204 436 1268 Item
461 1204 619 1268 dominus
643 1225 734 1288 papa
749 1207 920 1287 quendam
938 1204 1158 1290 episcopum1
1175 1205 1240 1268 sibi
1264 1206 1358 1289 prius
1369 1215 1445 1267 1316.

238 1297 360 1356 notum
395 1293 439 1356 ad
474 1312 509 1357 se
542 1293 677 1356 vocavit
713 1297 749 1357 et
781 1293 898 1368 illum,
934 1298 976 1356 ut
1012 1295 1148 1368 dicitur,
1188 1314 1250 1377 pro
1288 1295 1358 1357 suis

240 1381 433 1445 excessibus
452 1381 641 1464 captivavit
666 1384 702 1446 et
728 1382 933 1446 excoriando
953 1382 1156 1466 degradavit
1178 1386 1213 1446 et
1235 1382 1358 1446 ultimo

205 1471 319 1552 migne
342 1471 568 1534 consumavit.
615 1469 744 1534 Tamen
767 1471 941 1535 Iohannes
964 1493 1054 1555 papa
1070 1471 1245 1554 predictus
1269 1491 1358 1552 mag·

241 1580 319 1623 nam
358 1559 509 1642 graciam
553 1559 685 1622 faciens
723 1559 851 1623 multos
891 1581 1057 1644 pauperes
1097 1559 1272 1624 benefieiis
1313 1560 1359 1622 di·

241 1648 337 1711 tavit.
419 1647 508 1711 Item
533 1647 725 1725 Ludwieus,
750 1648 809 1730 qui
833 1667 868 1712 se
891 1669 1008 1730 regem
1032 1648 1171 1712 dicebat
1195 1649 1358 1711 Romano-

241 1757 326 1812 rum,
352 1736 575 1820 antipapam2
597 1737 710 1800 minus
735 1736 852 1801 debite
880 1737 1025 1814 creavit;
1057 1741 1093 1802 et
1124 1729 1201 1801 cum
1232 1735 1292 1801 ille
1323 1735 1447 1799 in1328.

242 1845 354 1890 errore
378 1844 439 1908 per
463 1825 602 1908 aliquod
628 1828 766 1908 tempus
797 1826 1049 1910 permansisset,
1081 1846 1229 1890 errorem
1259 1845 1360 1888 sunm

207 1913 443 1997 arecognovit
466 1917 502 1977 et
525 1915 571 1977 ad
593 1913 712 1976 oscula
735 1914 861 1997 pedum
885 1915 1092 1978 sanctissimi
1115 1915 1223 1997 patris
1250 1914 1448 1979 nostri1330.

242 2023 277 2066 se
300 2001 480 2066 humiliter
503 2003 698 2084 prostravit,
724 2003 830 2066 etsie
861 2003 1025 2087 antipapa
1056 2007 1178 2086 sponte
1206 2003 1360 2086 peniten-

243 2091 331 2154 ciam
361 2091 469 2154 subiit
492 2094 527 2155 et
557 2090 710 2153 intravit.
764 2091 902 2155 Penitet
933 2092 1041 2154 eciam
1073 2097 1155 2155 tune
1186 2091 1359 2175 temporis,

243 2181 334 2262 qnod
359 2180 427 2244 duo
456 2179 601 2243 fuerunt
624 2179 806 2262 apostolici
836 2183 872 2243 et
896 2180 964 2243 duo
994 2200 1092 2262 reges
1116 2181 1358 2256 Romanorum,

244 2289 387 2351 quorum
413 2268 481 2331 duo
504 2268 571 2331 rite
595 2271 631 2331 et
654 2267 921 2345 racionabiliter,
951 2268 1011 2332 alii
1033 2290 1113 2333 vero
1145 2269 1278 2332 minus⁸
1305 2269 1359 2332 de·

209 2385 235 2422 ro
244 2358 316 2421 bite
355 2360 436 2419 sunt
475 2356 588 2420 electi.
651 2355 723 2419 Iste
762 2359 883 2421 contra
920 2357 1136 2422 voluntatem
1179 2357 1360 2440 apostolici

243 2446 387 2508 Romam
418 2446 558 2509 veniens
585 2443 755 2509 kathedra
785 2445 953 2528 presedit,
984 2449 1102 2509 tamen
1132 2447 1167 2508 in
1203 2445 1359 2528 partibus
1371 2454 1447 2514 1328.

246 2534 451 2597 Lambardie
475 2534 536 2597 din
566 2534 693 2597 morari
717 2554 786 2597 non
817 2535 931 2618 potuit
961 2539 1102 2618 propter
1132 2535 1265 2618 aliquos
1295 2534 1361 2598 sibi

245 2643 284 2686 ex
308 2625 407 2705 parte
431 2621 613 2704 apostolici
635 2623 834 2687 resistentes
859 2627 894 2687 et
918 2626 1032 2706 partes
1053 2624 1212 2688 Almanie
1235 2624 1360 2687 iterum
1372 2634 1449 2693 1330,

244 2711 408 2774 visitavit.
456 2711 546 2774 Item
571 2711 775 2788 lbidericus,
801 2712 843 2775 de
868 2733 935 2794 qno
960 2713 1053 2795 prius
1077 2713 1211 2776 mencio
1241 2712 1362 2775 habita

210 2800 324 2876 isfuit,
349 2803 512 2883 gravatus
535 2800 796 2862 infirmitatibus
819 2820 880 2883 pro
904 2821 1011 2883 regno
1042 2802 1232 2864 secundnm
1262 2821 1361 2863 suum

246 2889 452 2952 desiderium
485 2909 555 2950 non
578 2887 689 2950 valuit
720 2887 875 2952 laborare
906 2892 941 2952 et
966 2887 1166 2951 Ludwicnm
1197 2889 1270 2951 sine
1301 2907 1363 2950 sua

246 2980 368 3061 sponte
391 2997 535 3060 regnare
559 2969 747 3059 permisitl;
773 2978 808 3040 et
832 2996 909 3039 eum
933 2976 969 3037 in
991 2997 1096 3059 regno
1113 2977 1277 3059 proficere
1293 2995 1362 3036 nou

246 3067 362 3150 potnit
400 3067 473 3149 ipse
513 3064 724 3138 Fridericus,
765 3064 930 3127 ducatum
968 3064 1109 3128 Austris
1148 3065 1213 3128 sibi
1252 3063 1362 3126 voluit

245 3155 422 3218 reservari.
475 3153 571 3216 Tunc
602 3153 714 3215 minor
743 3152 852 3216 frater
882 3173 963 3216 snus
995 3153 1108 3216 dictus
1139 3151 1223 3216 Otto
1254 3151 1362 3216 eciam

212 3243 401 3307 redebitum
424 3248 557 3326 partem
582 3241 728 3304 ducatus
752 3241 890 3304 Austris
914 3245 950 3305 et
974 3241 1078 3306 Stirie
1101 3241 1228 3305 habere
1253 3240 1363 3322 cupie-

247 3332 317 3408 bat,
341 3351 445 3414 quam
474 3331 585 3394 frater
607 3331 721 3393 senior
751 3349 830 3413 sepe
860 3329 974 3394 dictus
1002 3329 1068 3393 sibi
1097 3330 1234 3394 tradere
1265 3330 1363 3393 dene·

247 3419 363 3503 gabat.
412 3419 496 3484 Otto
520 3439 589 3482 non
612 3419 733 3482 videns
764 3439 799 3482 se
822 3418 987 3502 proficere
1017 3418 1054 3481 in
1083 3438 1143 3482 sue
1173 3417 1282 3501 partis
1312 3429 1452 3487 err-1328.

248 3510 398 3573 torsione
422 3529 457 3572 se
481 3507 556 3591 regi
578 3506 753 3592 Ungarie³
783 3507 834 3571 'et
862 3507 935 3589 regi
959 3507 1125 3570 Bohemie
1155 3506 1362 3588 subiugavit,
1374 3533 1403 3582 γ,
1413 3535 1445 3576 ss.

248 3601 284 3661 et
325 3597 397 3660 illi⁰
437 3617 515 3661 cum
559 3616 684 3679 magna
722 3595 883 3679 potencia
920 3596 1096 3659 Austriam
1135 3595 1362 3668 intraverunt,

213 3690 372 3751 asteriam
391 3685 624 3749 Australicam
646 3685 784 3768 penitus
808 3684 1037 3748 devastantes.
1077 3683 1153 3747 Hoc
1168 3683 1263 3746 facto
1280 3680 1364 3745 Otto

249 3774 343 3857 priua
367 3775 481 3838 dictus
505 3795 583 3837 cum
608 3794 670 3836 suo
692 3772 801 3836 fratre
833 3773 1009 3836 antedicto
1041 3771 1272 3846 concordavit,
1304 3771 1364 3834 sed

249 3863 444 3927 Fridericus
466 3863 504 3924 in
519 3862 648 3925 viribus
672 3860 906 3943 corporalibus
924 3860 1085 3925 deficiens
1102 3860 1188 3924 etin
1206 3859 1367 3942 potencia

250 3951 392 4016 militari
416 3954 526 4016 morte
543 3954 595 4014 est
611 3952 795 4032 preventus
811 3970 901 4012 anno
918 3949 1059 4013 Domini
1075 3927 1496 4044 11οΟ0011111.ξιῇῗζξζ·θλ

250 4040 416 4104 Friderici
438 4040 592 4123 regimen
616 4036 734 4101 taliter
757 4038 863 4101 habet
887 4037 999 4101 finem.

214 4159 240 4198 40
674 4125 727 4188 Sit
750 4125 825 4188 laus
850 4124 940 4190 Deol

250 4283 272 4334 ι)
286 4284 350 4323 nimis
364 4296 382 4326 c.
436 4283 458 4331 b)
473 4293 513 4333 pro
527 4282 586 4322 misit
598 4281 657 4329 salso
671 4280 794 4329 compendio
807 4281 888 4329 empto
901 4291 919 4322 c.
973 4277 994 4329 e)
1008 4279 1069 4320 illum
1084 4292 1101 4324 c.

251 4393 277 4458 l)
298 4391 481 4444 &durannum
499 4388 639 4454 Huponem
666 4387 787 4438 Geraldr‘.
877 4387 904 4452 2)
924 4385 1034 4439 Petrum
1052 4387 1084 4438 dc
1103 4387 1243 4454 Ceruaria,
1270 4386 1371 4442 dictum,

249 4463 390 4515 Nicolaum
406 4461 436 4516 V.
509 4461 537 4525 3)
558 4459 663 4512 Kcrolo
679 4459 798 4512 auaro.
