3136 4986
287 437 340 490 316
377 432 543 489 ORONIOA
557 433 585 490 S.
595 431 713 488 PETRI
724 429 987 488 ERFORDENSIS
1000 431 1091 489 Mon.
1111 433 1327 491 amoniaca.

200 625 278 680 1297.
289 619 554 702 pretereundum
583 637 656 682 esse
683 619 778 700 puto,
803 616 896 700 quod
925 616 1018 681 idem
1048 637 1107 681 rex
1134 617 1342 682 Boemorum
1371 618 1406 681 in

289 707 408 772 eadem
439 707 632 790 septimana
662 706 904 790 penthecostes
934 707 1108 789 quoddam
1139 705 1330 770 claustrum
1357 705 1407 772 Gi-

289 796 483 860 sterciensis
507 795 660 859 ordinis¹
683 795 726 859 ab
758 815 798 859 eo
827 797 929 859 autea
959 798 1195 859 constructum
1228 815 1306 858 cum
1331 815 1407 878 qua·

290 885 481 967 dringentis
505 905 697 948 marcarum
720 883 935 948 redditibus²
963 884 1097 948 dotavit
1120 877 1339 947 annuatiml.

188 987 279 1029 suf-³4.
396 973 545 1038 Eodem⁰
575 995 664 1037 anno
687 975 724 1036 in
749 974 804 1037 die
828 973 940 1036 sancti
964 972 1132 1037 Iohannis
1155 973 1308 1056 baptiste
1332 977 1429 1056 post-s

288 1082 414 1125 nonam
445 1063 583 1146 quidam
615 1063 747 1127 iuvenis
777 1063 813 1124 in
843 1061 964 1126 Monte
995 1061 1114 1126 Sancti
1144 1061 1241 1125 Petri
1270 1062 1409 1127 nomine

287 1152 492 1276 liudigerus,
524 1152 638 1214 adhuc
673 1152 709 1213 in
739 1150 841 1214 scolis
873 1151 1030 1227 existens,
1063 1151 1146 1214 dum
1176 1151 1298 1214 funem
1330 1150 1410 1214 lam·

289 1241 377 1324 pade
426 1240 557 1323 capelle
581 1241 698 1304 sancte
723 1239 833 1304 Marie
862 1259 1022 1323 reparare
1051 1240 1201 1318 deberet,
1227 1259 1270 1304 cx
1298 1240 1410 1324 inpro

287 1329 360 1392 viso
385 1329 427 1392 de
450 1329 606 1392 trabibus
630 1348 791 1393 corruens
815 1329 859 1392 ad
883 1329 1118 1412 pavimentum
1141 1329 1254 1393 medie
1276 1328 1410 1414 capelle

289 1417 531 1482 miserabiliter
552 1419 659 1482 vitam
684 1417 796 1480 finivit
818 1417 957 1482 ibidem.
1422 1440 1445 1478 a

202 1511 279 1564 1298.
396 1507 497 1570 Anno
514 1507 655 1570 Domini
671 1501 955 1570 noerellus*
990 1505 1154 1570 Albertus
1171 1507 1242 1570 dux
1258 1507 1409 1579 Austrie,

172 1615 236 1655 aar.
245 1627 278 1654 a.
289 1597 380 1678 regis
403 1595 541 1659 Rudolfi
573 1596 673 1670 filius,
706 1595 797 1658 circa
822 1595 965 1659 inicium
989 1595 1251 1678 quadragesime
1275 1595 1411 1679 expedi·

290 1686 422 1748 cionem
447 1685 618 1748 ordinavit
643 1685 685 1749 de
710 1684 852 1748 Austris
874 1704 991 1748 versus
1009 1684 1144 1749 Renum
1169 1689 1292 1748 contra
1306 1684 1411 1748 Adol-

289 1774 364 1836 fum
387 1793 503 1856 regem
528 1773 760 1837 Romanorum
785 1793 863 1836 cum
886 1774 1035 1837 maximo
1059 1773 1228 1848 exercitu;
1260 1793 1328 1856 que
1358 1792 1412 1838 ex·

207 1863 423 1946 ruinpedicio
448 1863 585 1926 duravit
608 1882 715 1945 usque
732 1861 886 1926 Processi
901 1861 1207 1945 Martinianiq11e⁰.
1238 1861 1412 1927 Veniente
1423 1883 1448 1922 a

289 1952 397 2035 igitur
426 1952 513 2016 duce
545 1951 691 2016 Alberto
724 1951 768 2014 ad
804 1951 989 2015 confinium
1025 1950 1189 2026 Bawarie,
1222 1951 1293 2014 dux
1325 1949 1411 2016 Otto

159 2061 277 2110 (lpas).
289 2041 441 2106 eiusdem
465 2041 640 2124 provincie
667 2040 792 2105 habuit
816 2039 1035 2103 conflictnm²
1059 2060 1136 2105 cum
1167 2039 1343 2122 aliquibus
1366 2040 1411 2104 ab

289 2131 442 2194 exercitu
465 2123 721 2213 sequestratiss;
746 2129 782 2192 in
806 2149 873 2212 quo
897 2129 1122 2194 amicissimus
1146 2129 1243 2193 ducis
1267 2129 1411 2194 Austrie

289 2239 328 2282 ac
353 2219 542 2283 avunculus
567 2219 639 2283 eius
663 2218 829 2282 Albertus
853 2237 965 2282 comes
989 2219 1032 2282 de
1056 2217 1187 2302 Heyrlo
1217 2217 1346 2282 nobilis
1369 2239 1410 2283 ac

288 2307 376 2371 liber
408 2327 485 2370 cum
516 2308 593 2370 aliis
622 2307 731 2372 ferme
762 2311 902 2371 centum
930 2307 1062 2371 occisus
1085 2311 1148 2372 cst.
1195 2307 1277 2370 Dux
1299 2307 1449 2392 igiturso

288 2396 439 2472 Austris,
464 2396 517 2459 his
547 2396 655 2460 nichil
685 2396 862 2474 territus&
887 2396 946 2460 sed
974 2417 1069 2480 spem
1096 2417 1192 2461 suam
1216 2417 1349 2480 ponens
1372 2397 1411 2460 in

289 2485 448 2560 Domino,
472 2484 566 2547 ultra
590 2506 668 2549 cnm
692 2485 845 2550 exercitu
869 2505 930 2549 sno
953 2505 1162 2570 progressus,
1187 2505 1267 2549 cum
1289 2488 1410 2550 tamen

288 2574 428 2657 plurimi
458 2577 649 2638 assererent
677 2574 789 2658 ipsum
821 2595 899 2638 cum
929 2575 999 2638 suis
1029 2574 1145 2658 gladio
1174 2573 1267 2658 regis
1290 2575 1408 2640 Adolfi

288 2663 362 2727 fore
386 2662 617 2738 lacerandum,
643 2664 688 2727 ad
712 2663 895 2727 confinium
922 2662 1045 2728 Suevie
1071 2664 1214 2728 tandem
1237 2665 1408 2748 pervenit.

289 2751 358 2815 Ubi
381 2773 460 2816 oum
482 2756 623 2835 propter
638 2753 728 2816 viam
744 2751 935 2834 longiorem
952 2751 1166 2836 'repausaret
1182 2745 1407 2827 exercituml,
1420 2781 1448 2821 a

288 2842 333 2904 ad
364 2861 463 2905 aures
496 2841 587 2924 regis
617 2840 733 2904 Adolfi
767 2835 858 2904 eius¹
889 2842 1058 2906 adventus
1089 2861 1197 2925 usque
1232 2837 1510 2925 perventur-⁴²²·

288 2931 347 3012 qui
371 2931 543 3014 peridem
567 2934 705 3013 tempus
727 2929 763 2992 in
781 2929 1021 2994 Frankenvurt
1037 2931 1186 2995 existens
1209 2931 1410 3014 preparavit

288 3040 324 3084 se
348 3020 428 3083 duci
443 3020 583 3084 Austrie
598 3019 746 3083 viriliter
761 3039 938 3083 occurrere
962 3022 1024 3082 aut
1042 3040 1121 3083 eum
1137 3013 1281 3083 decorel
1300 3021 1409 3082 vitam

288 3109 396 3172 finire.
444 3109 582 3174 Interea
613 3109 683 3172 dux
706 3108 846 3172 Austrie
876 3109 919 3172 dc
947 3109 1095 3172 confinio
1120 3108 1242 3172 Suevie
1267 3129 1409 3172 movens

288 3198 485 3274 exercitum,
511 3198 629 3282 paucis
660 3196 780 3260 diebus
808 3197 956 3280 peractis
986 3197 1084 3260 iuxta
1106 3197 1340 3261 Wormaciam
1364 3197 1449 3262 adro

187 3303 215 3348 r.
224 3303 277 3345 ror.
288 3286 372 3350 litus
387 3281 493 3351 Reni¹
512 3286 663 3350 fluminis
686 3306 794 3369 usque
818 3286 966 3350 devenit.
1007 3285 1098 3364 Quid
1116 3285 1409 3350 'multis‘moror'l

327 3497 329 3500 ’
404 3493 431 3565 *)
452 3495 592 3562 Sequentia
610 3496 728 3548 &colata
745 3503 809 3547 sunt
827 3497 856 3546 in
869 3495 897 3546 Ε
913 3497 967 3547 sic:
989 3492 1072 3548 Anno
1090 3491 1321 3549 Mmcxovm⁰
1346 3494 1408 3550 Dux

449 3565 561 3619 Austris
579 3566 719 3631 Albertus‚
745 3565 817 3634 regis
835 3563 948 3618 Rudolfi
973 3565 1054 3631 filius,
1079 3583 1142 3636 per
1168 3566 1355 3620 electores
1374 3567 1409 3620 iu

448 3653 566 3706 regem
587 3637 729 3690 electus
747 3637 775 3689 in
794 3637 981 3690 conluuionem
995 3637 1068 3706 regis
1080 3635 1174 3690 Adolfi
1188 3641 1215 3690 et
1228 3637 1408 3706 obprobrium

448 3708 652 3832 {silleium
682 3707 831 3832 {ommisso
846 3726 863 3760 v
867 3725 894 3833 p
894 3725 931 3832 rdo
950 3709 1038 3832 ppelio
1057 3708 1183 3790 interm
1201 3725 1241 3776 pr
1243 3708 1374 3834 (pdiocutu
1380 3723 1447 3832 ἔξω

528 3797 564 3833 er
590 3797 684 3832 umc
726 3796 847 3850 regern
927 3796 944 3832 o
987 3796 1040 3833 um
1065 3795 1185 3833 memma
1210 3795 1242 3832 ce
1262 3795 1291 3833 es
1348 3823 1354 3835 .

444 3868 474 3919 p.
493 3855 554 3916 317,
580 3851 596 3905 l.
616 3854 651 3906 35
662 3867 716 3919 sqq.

288 4047 310 4096 n)
323 4048 354 4084 sic
368 4047 393 4088 Ε.
407 4047 433 4089 R.
449 4047 485 4099 lt',·
499 4045 608 4088 redltlbus
623 4049 641 4090 1.
695 4047 717 4096 b)
732 4049 752 4090 Ιι.
767 4049 781 4090 l.
795 4049 890 4098 spartum
905 4048 975 4087 linceo
989 4059 1080 4088 ramum
1093 4049 1133 4090 rel.
1147 4049 1166 4090 1.
1220 4049 1241 4095 c)
1255 4048 1342 4098 reliqua
1356 4049 1377 4091 t.
1387 4059 1409 4090 a.

290 4112 330 4143 om.
344 4101 369 4143 Ε,
424 4099 447 4142 dl
461 4104 492 4140 etc
507 4104 525 4141 1.
540 4101 568 4144 N.
622 4103 643 4150 e)
657 4108 681 4142 et
695 4101 824 4141 llartlnianl
838 4102 864 4144 R.
879 4102 966 4144 nrm.
1029 4101 1092 4152 Oete
1105 4102 1138 4150 R,·
1151 4102 1273 4150 sequestris
1290 4103 1313 4152 ¹3
1329 4113 1408 4152 soque-

288 4155 346 4193 ntriis
362 4153 450 4192 ΜΠ.
514 4153 537 4204 g)
551 4155 636 4194 verium
651 4158 668 4197 1.
683 4156 729 4196 Rl.
743 4155 828 4194 nrm
838 4155 968 4204 (exterritus
983 4165 1040 4198 cm.
1055 4155 1142 4194 schedel
1155 4156 1178 4193 ln
1192 4155 1253 4203 Mn
1275 4155 1347 4204 lrerag
1361 4186 1367 4198 .
1381 4186 1387 4199 .
1401 4165 1447 4206 ,40

288 4207 450 4249 ulchtseroc.
503 4207 644 4258 macule
698 4208 1052 4260 r)⁸1c1.ur;auv.eiusn1.
1099 4209 1275 4259 kjclerIIR
1296 4206 1408 4250 dedecore

289 4262 369 4304 um.
424 4261 440 4308 l)
455 4261 526 4300 Rheni
540 4261 586 4304 lul.
600 4265 619 4304 1.
673 4261 785 4313 mladE.

289 4425 315 4488 1)
334 4421 533 4488 dulae-reptos
551 4421 736 4486 (Kdnipsaol).
808 4423 836 4490 2)
855 4421 942 4490 Prope
961 4421 1122 4487 Odsmdors.
