3136 4990
270 439 303 492 66
353 433 532 489 ANNALES
551 434 579 489 S.
593 433 710 488 PETRI
727 431 1102 488 ERPHESFURTENSES
1120 431 1302 488 MAIORES.

184 617 260 670 1181·
270 617 355 682 item
370 621 410 682 ut
426 639 517 683 anno
534 618 639 703 priori
651 623 667 654 ²
687 617 830 681 militari
846 617 946 701 copia
962 616 1146 680 Sauroniam
1161 615 1388 699 ingrediente,

188 687 261 736 (Μ’)
271 727 388 772 omnes
422 727 509 791 pena
543 708 698 771 fautores
729 707 825 771 ducis
861 706 903 770 ab
935 706 1055 770 eodem
1079 705 1287 782 deficientes,
1323 705 1391 789 ipsi

270 796 470 880 imperatori
494 817 529 861 se
553 816 681 879 susque
706 796 871 860 dedentes
895 814 1017 858 manus
1041 793 1193 858 offerunt
1217 793 1390 877 supplices

271 884 515 967 dominumque
538 905 638 949 suum
662 884 764 948 solita
786 883 936 948 militurn
960 883 1161 966 frequencia
1184 883 1390 946 destitutum

270 977 345 1036 turn
369 973 412 1038 ob
435 974 527 1056 regis
550 975 719 1050 timorem,
742 977 819 1036 tum
842 972 885 1037 ob
910 973 1017 1036 animi
1044 972 1222 1036 levitatem
1233 971 1422 1036 -derelins

270 1055 401 1144 quanti
433 1062 530 1127 velut
560 1062 721 1126 alienum.
775 1060 885 1140 Quem
919 1082 980 1145 per
1014 1061 1169 1124 solitaria
1202 1060 1287 1136 loca,
1323 1081 1391 1143 que

270 1149 374 1234 vulgo
392 1151 512 1215 ‘heide'
531 1151 703 1228 dicuntur,
729 1170 807 1214 cum
823 1151 941 1235 paucis
957 1151 1182 1215 decedentem
1202 1149 1392 1232 imperator

271 1259 348 1303 cum
379 1241 450 1304 suis
479 1261 497 1304 e
524 1240 670 1323 vestigio
699 1239 909 1322 insequitur;
940 1238 1146 1321 fecissetque
1176 1239 1260 1302 satis
1289 1239 1389 1317 votis,

271 1328 417 1392 eundem
455 1329 587 1393 scilicet
617 1328 918 1412 apprehendendo,
954 1328 983 1391 si
1013 1327 1167 1391 locorum
1199 1327 1390 1391 difficultas

270 1438 340 1481 non
372 1417 579 1494 obstitisset;
615 1418 742 1542 quippe
773 1417 854 1480 huic
884 1416 962 1480 loca
990 1419 1084 1493 nota,
1117 1419 1152 1480 et
1184 1436 1391 1499 quamquam
1402 1437 1427 1476 ιο

271 1509 427 1588 angusta,
460 1510 539 1569 sue⁰
567 1509 685 1570 tamen
733 1506 904 1590 paucitati
933 1505 1032 1569 aditu
1055 1505 1183 1582 facilia,
1214 1505 1288 1588 regi
1310 1526 1391 1570 vero

271 1595 384 1656 minus
408 1597 492 1658 nota
511 1614 638 1677 sueque
661 1594 890 1670 multitudini,
915 1595 1079 1677 quoniam
1102 1597 1138 1658 et
1162 1613 1298 1676 aquosa,
1323 1615 1391 1658 orn·

271 1683 352 1746 nino
375 1682 636 1747 inaccessibilia.
677 1682 837 1748 (letarum
862 1683 1037 1748 civitatem
1062 1683 1233 1765 quandam
1258 1683 1386 1767 ipsius⁰

272 1765 434 1836 Lubekaf
468 1771 677 1856 appellatam
716 1774 875 1855 potenter
910 1777 1149 1856 oppugnansss,
1186 1771 1317 1836 civibus
1354 1773 1390 1835 in

271 1860 450 1943 prohibitu
474 1860 724 1938 deficientibus,
756 1861 898 1925 fortuna
928 1860 994 1925 sibi
1017 1861 1155 1944 suisque
1179 1860 1281 1925 solito
1311 1862 1426 1925 arri-u

272 1948 385 2026 dente,
423 1950 460 2012 in
491 1950 704 2014 dedicionem
743 1950 909 2033 suscepit;
946 1949 1071 2032 sicque,
1108 1952 1148 2012 ut
1177 1949 1392 2034 imperialem

271 2037 416 2102 decebat
443 2039 659 2123 dignitatem,
691 2037 838 2122 gloriose
867 2039 1012 2114 rediens,
1043 2039 1081 2101 in
1105 2036 1391 2122 Quitelingeburc

160 2145 372 2278 ...titt
381 2147 547 2280 ress
558 2126 1392 2299 :fttfttlttffztttl..illicitet

271 2303 450 2367 stimulum
473 2305 541 2368 iam
565 2304 667 2367 nimis
682 2304 782 2368 tarde
798 2305 1027 2380 considerans,
1051 2305 1164 2369 tocius
1187 2305 1224 2368 in
1244 2324 1425 2388 regnumso

270 2392 505 2457 infestacionis
547 2397 709 2458 conatum
751 2385 916 2458 demisith
954 2396 991 2458 et
1032 2393 1203 2477 principes
1238 2395 1390 2474 eximios,

269 2480 370 2544 flores
392 2481 523 2564 utique,
547 2485 588 2544 ut
610 2482 662 2545 ita
684 2481 806 2560 dicam,
838 2482 978 2565 antique
1001 2482 1205 2560 nobilitatis,
1238 2483 1391 2548 Ltdewi-

271 2562 366 2632 cum¹
403 2569 565 2634 videlicet
595 2569 827 2654 lantgravium
856 2571 1068 2654 fratremque
1098 2592 1199 2635 suum
1229 2573 1391 2637 comitem

270 2656 518 2736 Hermannum,
543 2663 664 2743 postea
687 2658 890 2744 palatinum,
915 2660 958 2724 ob
982 2660 1199 2744 imperatoris
1223 2660 1390 2726 offensam

270 2746 338 2808 iarn
361 2747 497 2831 integro
521 2751 557 2812 et
580 2749 681 2812 semis
705 2769 795 2812 anno
825 2750 862 2811 in
886 2749 1043 2812 custodia
1066 2749 1235 2826 detentos,
1261 2749 1427 2833 absquaa

268 2834 403 2899 iactura
426 2857 563 2901 suorum
588 2831 828 2920 suarumquek,
852 2840 893 2901 ut
909 2839 1048 2922 augusti
1070 2839 1217 2902 sororios
1233 2837 1388 2918 decebat,

268 2923 335 3008 ipsi
356 2928 441 2989 tunc
459 2923 614 2990 Goslarie
633 2927 788 2990 manenti
804 2927 990 2991 honorifice
1006 2927 1149 2991 remisit.
1240 2927 1390 3011 Impera-

137 3047 154 3079 ..
164 3034 218 3077 aa.
226 3036 259 3077 11.
268 3014 353 3076 toris
367 3014 462 3078 curia
474 3014 565 3078 circa
576 3015 705 3080 festum
718 3015 829 3079 sancti
841 3015 985 3078 Martini
997 3009 1206 3098 llrphordie¹
1225 3015 1388 3094 habebam

268 3102 330 3166 ubi
353 3123 465 3167 comes
489 3103 718 3180 Hermannus,
748 3104 857 3168 frater
880 3099 1082 3168 decvrici1¹¹
1113 3104 1309 3188 lantgravii,
1333 3127 1396 3190 pa··

270 3190 399 3254 latinus
417 3191 562 3256 Saxonis
586 3192 738 3256 efficitur
747 3191 769 3254 ¹.
808 3191 982 3257 Saxonum
1006 3197 1042 3258 et
1057 3193 1296 3258 Baioariorum
1319 3195 1426 3259 duxso

269 3279 336 3344 iam
354 3281 506 3345 crebrius
518 3283 716 3345 nominatus
728 3283 772 3345 ad
784 3281 1001 3366 imperatoris
1017 3283 1147 3346 curiam
1164 3303 1389 3367 sepenumero

268 3371 410 3434 vocatus
433 3369 550 3435 venire
566 3371 735 3434 hactenus
758 3371 909 3435 animose
932 3371 1108 3448 refutavit,
1133 3391 1226 3436 nunc
1250 3371 1389 3437 demum

270 3460 305 3520 et
328 3477 403 3522 sero
427 3459 529 3522 nimis
552 3459 754 3542 resipiscens
771 3461 992 3543 extremaque
1014 3460 1271 3525 necessitudine
1295 3481 1388 3526 coac·

269 3547 325 3608 tus
364 3547 584 3630 imperatorie
617 3547 791 3612 maiestati
824 3547 1099 3631 Erphesfordie¹¹
1138 3569 1174 3614 sa
1209 3549 1390 3614 humiliter

269 3637 489 3716 presentavit.
537 3635 615 3714 Ubi,
640 3639 680 3699 ut
707 3636 858 3720 episcopi
888 3637 1061 3720 ceterique
1092 3637 1264 3722 principes
1296 3658 1424 3704 annosa

269 3723 435 3803 preterito
470 3723 546 3806 lega
580 3723 710 3790 forensi
745 3724 837 3809 apud
872 3723 1094 3790 Wirzeburlr⁰
1134 3727 1171 3790 in
1206 3747 1387 3793 commune

268 3929 290 3976 a)
304 3927 380 3977 priora
394 3927 414 3966 1.
488 3929 512 3978 b)
526 3939 552 3968 ac
567 3929 679 3979 reliquunt
691 3932 712 3972 1,
793 3935 813 3980 c)
827 3943 867 3972 suo
883 3935 902 3972 1.
973 3931 996 3980 d)
1010 3943 1073 3982 pauc.
1089 3939 1163 3973 umen
1176 3934 1198 3974 1.
1275 3938 1296 3983 a)
1310 3947 1352 3979 om.
1366 3937 1387 3976 2.

268 3981 286 4030 f)
300 3980 395 4020 luteolis
409 3981 429 4023 2.
504 3985 526 4032 g)
540 3984 669 4033 oppugnans
683 3987 702 4028 2.
769 3986 793 4036 h)
807 3987 838 4026 cic
852 3988 870 4028 1.
885 3987 907 4035 2:
923 3987 1007 4028 dlmlslt
1020 3987 1108 4037 Rast.;
1129 3987 1208 4028 divisit
1221 3987 1279 4027 Hm.
1295 3989 1388 4030 heard.

176 4077 178 4082 y
268 4031 285 4084 l)
298 4033 432 4074 ludewicum
447 4036 466 4078 2.
520 4035 543 4083 k)
556 4037 588 4074 clo
602 4040 620 4078 1.
634 4039 654 4080 2.
668 4039 743 4082 Rusti,
797 4040 812 4087 l)
827 4039 948 4090 Erpfurdle,
963 4044 983 4080 1.
1039 4043 1069 4089 tn)
1083 4040 1187 4082 lodawlol
1200 4041 1220 4085 1.
1275 4040 1299 4092 n)
1314 4053 1388 4093 orpu-

269 4087 342 4143 nrrdlp
356 4089 376 4127 1.
432 4090 454 4138 ο)
468 4088 608 4129 Wlnaburb'
624 4093 646 4140 1,
662 4092 822 4144 wlmaburgk
836 4093 855 4136 2.
1397 4095 1425 4134 10

269 4263 295 4332 1)
323 4263 404 4326 wan
431 4265 555 4316 horrorem
581 4265 718 4320 Adclbmo
742 4271 833 4323 comite
854 4271 977 4338 palatino
1002 4272 1125 4336 desum
1150 4287 1175 4326 a.
1194 4275 1271 4327 1179.
1297 4273 1389 4326 Ludo-

267 4337 349 4387 ws'cus
367 4335 543 4401 Ιαηίρναυίιω,
562 4337 652 4399 frates·
668 4339 828 4405 Hermunni,
847 4347 878 4396 ab
897 4343 1057 4410 imperatore
1074 4349 1214 4412 acceperut.
1244 4343 1287 4409 Os.
1308 4345 1387 4399 Oros.

268 4406 297 4457 S.
310 4406 387 4458 Pari
404 4407 472 4461 mod.
491 4423 516 4461 a.
532 4408 609 4463 1178.
629 4411 714 4476 11813
733 4413 805 4464 Aen.
824 4412 921 4479 Palici,
941 4413 989 4466 SS.
1008 4413 1087 4478 XVI,
1102 4431 1132 4482 p.
1146 4415 1189 4470 05.
