3188 4990
353 498 518 554 ORONIGA
532 500 559 556 S.
570 499 686 556 PETRI
699 497 960 556 ERFORDENSIS
973 499 1065 558 MOD.
1085 500 1120 557 A.
1133 504 1210 560 1276.
1281 503 1335 558 279

219 684 313 748 tinus
343 683 453 748 Reni¹
482 688 518 749 et
554 685 623 747 dux
658 684 834 748 Bawarie²
870 687 905 749 et
942 682 1155 768 lantgravius
1190 683 1422 749 Hassie³127a

218 776 254 837 et
284 773 447 837 comitesa
474 773 517 837 de
540 772 664 857 Tyrol⁴
694 776 729 838 et
759 773 820 836 alii
849 773 991 838 comites
1021 775 1060 838 et
1084 773 1217 838 nobiles
1244 774 1335 838 circa

218 855 419 926 ducentosb.
466 861 562 925 Tune
585 866 663 927 rex⁰
685 862 824 926 Boemie
848 861 1061 946 principatus
1085 856 1184 926 suosd
1211 883 1232 925 a
1254 881 1334 946 rege

217 949 370 1015 Rudolfo
386 971 464 1014 cum
476 950 611 1015 vexillis
626 951 765 1036 recepit,
782 951 982 1034 homagium
996 951 1137 1015 faciens.
1162 951 1206 1013 In
1221 971 1334 1015 recon-
1344 975 1462 1024 (rosis).

195 1038 396 1104 sciliaeione
413 1043 548 1103 autem⁰
565 1041 709 1103 istorum
725 1061 845 1123 regum
858 1039 979 1103 arbitri
991 1033 1155 1104 ineruntr
1167 1039 1334 1123 Herbipo·

218 1127 322 1192 lensis
338 1129 526 1213 episcopus,
541 1127 824 1194 Olomuncensisss
838 1129 1017 1212 episcopus
1026 1127 1046 1205 ⁵,
1060 1128 1234 1213 palatinus
1245 1128 1334 1192 Reni

218 1219 254 1281 et
269 1218 422 1281 marchio
439 1218 780 1300 Brabdenburgensis
791 1218 813 1280 ⁶.
843 1216 916 1281 Rex
932 1221 1048 1281 autem
1064 1216 1238 1281 Rudolius
1253 1217 1333 1281 duo·

218 1305 281 1369 bus
297 1307 411 1390 pueris
427 1307 507 1381 suis,
528 1326 612 1389 quos
633 1306 854 1390 desponsavit
872 1306 987 1390 pneris
1003 1306 1093 1390 regis
1109 1306 1259 1382 Boemie,
1280 1308 1334 1371 de·

218 1395 270 1457 dit
286 1394 348 1458 XL
364 1395 460 1458 milia
475 1417 666 1460 marcarum
682 1388 738 1459 eth
757 1397 884 1460 iterum
899 1395 962 1458 XL
978 1395 1074 1460 milia
1089 1416 1280 1460 marcarum
1292 1389 1333 1456 ⁷.*

668 1537 879 1544 .-.-.-ῌ

182 1663 207 1700 10
327 1655 354 1724 *)
376 1658 469 1724 spacio
487 1658 571 1710 lineae
588 1673 668 1709 unaco
686 1659 775 1710 relicto
791 1665 939 1726 aquantur
959 1661 989 1710 io
1008 1662 1038 1714 1:
1064 1651 1198 1709 Sanetus
1222 1651 1332 1709 Ysido·

375 1757 428 1796 rus
445 1739 640 1815 Hispalensis
664 1741 828 1814 episcopus
851 1741 884 1797 in
907 1741 984 1798 libro
1005 1739 1264 1798 Ethimoloiarum
1288 1741 1332 1798 sic
1416 1813 1417 1816 Ἴ

376 1829 497 1886 scribit:
531 1834 773 1903 Temporibus
799 1833 911 1889 Xersisl
945 1835 1043 1904 regis
1072 1835 1168 1903 vulpes
1199 1852 1232 1889 ex
1263 1811 1474 1912 equamfflff‘m·

374 1906 546 1959 nascitur.
583 1905 654 1960 Sub
680 1905 904 1974 imperatore
922 1905 1082 1960 Alexandro
1107 1905 1331 1975 mulierpepe·

375 1977 423 2030 rit
452 1981 614 2044 monstrum,
642 1976 716 2044 quod
743 1977 885 2046 superius
912 1981 992 2030 erat
1018 1976 1108 2030 homo
1137 1982 1170 2031 et
1199 1977 1331 2031 inferius

375 2047 541 2102 diversarum
554 2049 710 2103 bestiarum.
736 2047 771 2102 In
784 2047 910 2102 Umbrak
925 2047 1047 2118 peperit
1058 2048 1158 2102 mulier
1169 2053 1331 2118 serpentem.

429 2119 550 2187 *Tycion
569 2119 603 2190 gi
638 2137 673 2172 as
698 2123 767 2173 tam
785 2137 913 2189 magnus
932 2118 1018 2187 fuit,
1037 2119 1130 2188 quod
1148 2120 1177 2172 in
1195 2118 1238 2173 IX
1256 2119 1426 2188 iuge-'maa

374 2190 449 2243 ribus
475 2191 577 2244 iacere
605 2139 741 2246 debuit.
778 2190 864 2245 Nam
891 2193 975 2244 sunt
1001 2190 1162 2244 homines
1190 2189 1330 2258 cubitales,

374 2279 441 2330 quos
459 2261 542 2316 Greci
567 2261 711 2332 Pigmecs¹
737 2266 852 2332 vocant;
878 2262 944 2316 alii
962 2263 1069 2315 vultum
1088 2261 1161 2315 canis
1179 2263 1223 2315 vel
1239 2262 1330 2315 thauri
1340 2308 1361 2345 ..b
1374 2308 1443 2347 xm

373 2333 769 2388 habentesnascuutur
788 2375 979 2391 ........
986 2333 997 2362 ⁸
1027 2331 1445 2408 Onencentauroshoffi'fflj

373 2405 518 2458 minibus
536 2405 638 2457 acinos
657 2405 902 2459 mixtosdicunt.
931 2402 1231 2458 llxmulierevetulns
1249 2421 1330 2476 gene-

374 2481 461 2530 ratus
487 2481 547 2530 est.
585 2474 645 2528 Duo
672 2474 769 2546 fontes,
794 2477 864 2529 alter
888 2476 1058 2544 memoriam,
1076 2477 1146 2530 alter
1164 2475 1330 2531 oblivionem

374 2547 454 2601 affert
471 2548 629 2601 haustus.
667 2546 708 2601 De
726 2548 787 2600 lacu
805 2547 938 2601 Boeciem
956 2547 1002 2616 qui
1026 2548 1135 2615 biberit,
1153 2547 1251 2601 ardore
1269 2547 1331 2602 libi·

374 2619 443 2672 dinis
468 2618 633 2672 exardescet.
672 2617 798 2672 *Romen
820 2635 889 2686 puer
915 2635 948 2672 ex
973 2619 1072 2672 ancilla
1096 2623 1176 2672 natus
1201 2623 1242 2673 est
1266 2635 1330 2687 quu-
1341 2627 1370 2677 Ὗ.
1382 2631 1433 2671 188‘.

373 2689 473 2759 drupes
499 2695 526 2744 et
551 2687 753 2757 quadrimanus,
779 2690 864 2744 oeulis
882 2687 954 2757 ΗΠ,
980 2689 1089 2744 auribus
1108 2689 1179 2755 1111,
1204 2683 1466 2774 naturamGC'ffss'g'i

371 2761 479 2816 virilem
497 2761 634 2829 duplicem
652 2760 762 2816 habeus.
1386 2767 1398 2778 ’“
1447 2763 1453 2776 ’

425 2845 463 2902 In
497 2842 690 2918 Erphordia⁰
724 2844 853 2919 qnidam
887 2845 1069 2902 adolescens
1107 2861 1171 2902 non
1209 2843 1328 2902 habens

372 2934 498 3055 brachia
529 2949 587 2990 nec
617 2949 730 2990 manus
760 2933 916 2991 comeditl'
944 2937 977 2991 et
1005 2931 1149 2992 consuit(l
1176 2950 1248 2990 cum
1279 2950 1328 3008 pe-

372 3023 563 3172 dlblidnipore
582 3101 779 3157 Theodosii
803 3101 975 3172 imperatoris
998 3101 1027 3154 in
1046 3100 1157 3155 castello
1175 3098 1325 3153 Emmausr
1340 3109 1368 3147 u.

372 3178 452 3228 natus
470 3179 511 3228 est
527 3192 597 3244 puer
613 3175 750 3244 perlectus
774 3173 894 3242 inferius,
912 3173 960 3228 sed
977 3175 1012 3228 ab
1030 3172 1160 3226 umbilico
1179 3175 1207 3225 et
1224 3185 1329 3223 sursum

373 3243 473 3298 divisus
498 3246 545 3313 ita,
570 3251 601 3299 ut
626 3247 740 3300 haberet
758 3245 812 3300 duo
832 3245 922 3313 capita
940 3249 969 3300 ct
986 3243 1041 3298 duo
1059 3247 1172 3313 pectora
1189 3246 1218 3295 et
1236 3256 1329 3294 omnes

213 3391 236 3436 a)
249 3390 280 3427 εἰσ
294 3389 313 3432 l.
327 3387 360 3436 11,·
374 3389 423 3427 der
436 3389 515 3437 graie
529 3399 574 3427 von
587 3388 648 3428 Tlrol
663 3389 686 3430 0.
740 3389 763 3436 b)
776 3389 854 3429 ccml
867 3395 943 3430 centos
958 3390 977 3438 1,
992 3389 1049 3438 quoa
1063 3392 1135 3426 ortum
1149 3390 1240 3435 appara
1255 3397 1281 3424 ar
1295 3385 1330 3425 CC

214 3447 233 3481 a
247 3440 362 3490 ducentos,
378 3443 447 3482 olim
461 3442 526 3480 auara·
539 3443 698 3492 curararum-ipro,¹
712 3440 833 3482 educsmer
848 3443 884 3492 11,·
899 3444 934 3483 bic
948 3439 1141 3482 drichuudcrten
1155 3441 1179 3480 G.
1230 3439 1251 3489 c)
1265 3427 1330 3479 bdme

214 3495 273 3544 add„
287 3496 324 3534 ced
338 3497 378 3539 del.
393 3497 412 3537 1.
466 3495 489 3540 d)
504 3495 560 3538 Βοὴ.
574 3500 656 3535 temni
671 3496 776 3536 bohemie
790 3501 812 3536 et
826 3494 946 3536 dominium
962 3495 990 3538 ll.
1047 3498 1068 3543 e)
1083 3505 1124 3536 om.
1138 3493 1167 3536 11.
1220 3493 1331 3541 obi-cbi-

177 3549 204 3588 tb
214 3549 330 3600 epuecpm
344 3549 518 3598 Moguuiinensb
532 3549 584 3589 aaa.
600 3549 622 3588 le.
633 3550 646 3591 l.
662 3549 686 3588 H
697 3550 763 3600 fuleo,
778 3551 855 3589 mbae
869 3550 931 3598 latta
945 3549 1015 3592 Olom.
1029 3559 1064 3598 ep.
1118 3551 1140 3596 g)
1153 3547 1301 3588 Monacensis
1312 3549 1330 3589 1.

214 3602 238 3651 h)
252 3609 275 3642 et
288 3623 314 3632 -
328 3613 452 3642 morcarum
466 3613 509 3642 om.
524 3602 554 3642 Η.
619 3603 634 3649 i)
649 3603 747 3649 lisinis,
762 3603 806 3642 allo
821 3607 901 3646 airuns.
914 3613 1020 3652 euperem.
1037 3601 1113 3642 Xersis
1128 3603 1147 3644 1.
1201 3601 1224 3651 k)
1239 3601 1331 3641 Umbris

213 3656 268 3698 leid.
328 3656 343 3704 1)
358 3655 474 3708 pigillneos
489 3657 507 3696 l.
561 3655 592 3706 m)
606 3656 711 3696 Boeotlm
725 3656 779 3698 1ήά.
826 3659 849 3706 n)
863 3657 932 3697 Rome
946 3677 972 3686 -
986 3667 1035 3696 curu
1049 3655 1142 3704 pedibus
1157 3655 1219 3694 mon
1233 3656 1296 3693 ulam
1311 3653 1332 3692 Β

209 3713 260 3758 pose
270 3721 294 3758 p.
308 3709 356 3756 277,
370 3709 384 3752 l,
398 3709 431 3752 it.
479 3708 500 3758 o)
514 3715 564 3748 erut
577 3710 630 3749 odd.
645 3709 676 3758 ἰὴ·
691 3710 716 3750 Iu
731 3709 801 3759 Elrph.
814 3730 840 3739 -
854 3707 948 3759 pedibus
961 3709 1023 3750 eoba
1037 3709 1101 3748 αἰαηι
1115 3707 1183 3748 Ver-il.
1198 3709 1227 3747 od
1241 3720 1262 3751 a.
1272 3707 1332 3751 mre.

212 3765 236 3811 ρ)
250 3769 276 3802 et
290 3762 363 3802 bibit
377 3763 429 3802 add.
444 3761 470 3802 Ε.
526 3761 549 3812 q)
563 3767 682 3803 comneni
694 3763 721 3806 Ε,
774 3765 793 3810 r)
806 3769 914 3803 estmnue
929 3765 947 3806 1.

176 3915 204 3954 io
214 3905 240 3970 1)
257 3903 414 3956 bodonicus
427 3905 466 3970 II,
486 3905 545 3956 dux
557 3905 702 3958 Βαωανίαε
713 3907 869 3974 asperiora.
923 3908 952 3973 2)
965 3905 1114 3970 Infwiorie
1127 3906 1233 3969 scilicet,
1249 3905 1332 3959 Hein-

212 3976 327 4030 re'eueI.
393 3975 422 4044 3)
441 3975 588 4029 Haerere
606 3976 629 4028 1.
692 3978 720 4043 4)
737 3976 915 4029 Meinlscrdue
932 3977 972 4042 II,
990 3979 1039 4044 qui
1056 3978 1135 4040 iissre
1150 3995 1179 4046 p.
1192 3979 1253 4044 281,
1275 3979 1291 4032 l.
1304 3981 1330 4034 2.

212 4045 282 4111 folco
300 4061 380 4112 perier
391 4049 463 4112 repis
475 4047 561 4098 dectus
572 4055 616 4101 est.
645 4047 784 4100 Albcrtum
802 4050 881 4100 etiam
898 4051 1015 4101 consitam
1033 4049 1064 4102 de
1078 4049 1195 4114 θωὺία,
1214 4049 1331 4113 fratrem

211 4119 276 4181 eiua
294 4123 388 4170 umor
398 4119 484 4169 dicere
501 4118 612 4171 voluisse
629 4119 741 4185 videar,
759 4121 817 4172 abi
833 4120 908 4172 lectio
920 4119 993 4174 Gont.
1011 4119 1190 4187 Tbueinpr'coc
1207 4136 1269 4172 cera
1285 4127 1331 4174 eet.

212 4191 240 4256 5)
254 4189 356 4243 Bruno.
411 4189 439 4257 6)
454 4187 551 4243 0ro.
564 4189 681 4256 Lonpue.
737 4192 764 4258 7)
780 4191 893 4243 Minium
910 4191 990 4257 dedit,
1008 4191 1053 4244 scd
1065 4193 1194 4259 prornblt
1210 4208 1238 4244 ee
1253 4192 1331 4244 datu-

175 4269 275 4310 4erum
295 4261 325 4311 in
346 4261 423 4326 poetis
448 4260 508 4325 lece,
529 4275 585 4327 pro
609 4277 663 4328 quo
680 4277 785 4313 summ
809 4264 936 4328 pausiae
958 4263 1088 4330 quaedam
1112 4262 1179 4315 bona
1203 4263 1332 4316 Aeneiae

211 4332 387 4398 opplebantur
405 4336 476 4396 eunt,
495 4331 512 4384 l.
526 4331 543 4384 l.
558 4333 659 4398 ΜΒ.
731 4333 759 4402 8)
779 4332 870 4385 Multa
888 4335 974 4388 anibi.
1052 4335 1080 4400 9)
1100 4333 1141 4399 Cf.
1160 4333 1242 4385 Liber
1258 4349 1329 4388 crea

143 4401 147 4407 ’
212 4399 329 4465 Erfurd.
353 4420 380 4456 a.
401 4403 483 4466 1270,
510 4403 648 4463 ίΖσίἰεσῖιν,
673 4403 695 4467 f,
721 4403 806 4458 sisar.
830 4405 921 4460 Geel.
946 4404 983 4462 N.
1002 4405 1045 4460 F!
1066 4405 1116 4472 IV,
1143 4423 1170 4472 p.
1189 4406 1250 4460 233.
1286 4403 1328 4468 ΟΥ.

213 4472 259 4526 (Ν.
272 4473 386 4525 Arcbiv'
400 4471 481 4540 XXI,
497 4491 526 4542 p.
539 4476 601 4530 259.
