3130 4990
230 422 264 475 78
311 415 493 471 ANNALES
510 415 701 472 ERPHORD.
721 415 910 470 FRATRUM
927 414 1266 472 PRAEDIOATORUM

230 599 268 664 in
289 598 475 664 Annalibus
489 597 769 680 Erpberdensibus
792 599 972 662 traduntur.
1008 599 1085 663 Non
1108 598 1226 662 amieos
1247 597 1347 677 fnisse

230 688 399 753 monoebos
422 686 548 751 Montis
572 687 605 752 S.
623 686 713 751 Petri
736 693 765 751 et
786 688 907 766 fratres
928 687 1142 753 mendicantes
1164 686 1262 766 facile
1286 707 1347 752 ore·

231 779 367 842 madum
383 782 436 857 est,
460 797 516 840 nee
530 775 657 857 mirum,
682 776 765 856 quod
785 776 959 840 monoelms
975 777 1008 840 S.
1025 776 1117 840 Petri
1138 776 1242 857 mapis
1258 797 1347 840 eura·

230 865 312 931 uerit
339 886 391 930 res
421 865 572 946 antiquae
602 871 630 930 et
658 863 783 928 sicinae
817 864 879 929 sibi
913 871 1006 946 atque
1040 864 1168 929 celebris
1201 865 1348 930 ecelesiae

234 956 267 1021 S.
291 954 427 1020 Mariae
448 975 544 1035 quam
566 953 708 1034 fratrum
730 953 1004 1019 Praedicatorum.
1051 953 1208 1018 Dubitari
1230 954 1370 1034 nequitis

231 1044 310 1126 quin
325 1043 377 1109 bia
386 1043 547 1126 permulta
563 1042 705 1107 omiserit
719 1042 796 1124 alio,
813 1043 946 1124 quaein
959 1042 1147 1108 Annalibus
1164 1043 1197 1107 S.
1214 1043 1349 1108 Mariae

231 1169 276 1178 —
306 1133 335 1198 si
364 1131 537 1198 sententiae
567 1129 688 1196 Karoli
717 1132 839 1214 Wenels
865 1131 1099 1213 adstipulamur
1132 1167 1176 1176 -
1210 1131 1349 1196 extitisse

232 1229 361 1302 constat,
385 1223 468 1286 uelut
488 1220 526 1285 in
542 1219 760 1285 breuissimum
775 1220 935 1286 contraxit
943 1220 1179 1302 pretiosissimo
1193 1219 1253 1285 illa
1268 1241 1349 1302 qnae

233 1313 270 1375 de
287 1311 434 1376 Conrado
456 1311 494 1374 de
509 1310 671 1390 Morburp
694 1308 829 1390 aliisque
846 1310 1099 1390 persecutoribus
1121 1309 1349 1375 haeretieorum

231 1399 270 1464 in
303 1398 488 1463 Annalibus
521 1397 803 1479 Erpbordensibus
839 1397 943 1463 relata
976 1405 1059 1462 sient.
1112 1400 1191 1464 Iure
1225 1398 1385 1479 quidemn

233 1495 325 1569 atque
356 1487 468 1568 optime
497 1487 548 1552 W.
568 1487 776 1552 Waltenbaob
804 1487 947 1552 monnit¹
971 1487 1048 1552 liaeo
1070 1494 1099 1552 et
1121 1509 1201 1568 quae
1224 1488 1261 1550 de
1286 1487 1349 1552 sn-

234 1576 332 1658 tinyis
354 1575 391 1640 in
406 1575 458 1639 bis
471 1574 657 1640 Annalibus
671 1575 817 1656 loquutur
833 1575 941 1657 potius
963 1599 985 1641 a
1007 1577 1077 1640 uiro
1099 1578 1235 1658 quodam
1257 1575 1350 1640 liberi

234 1686 272 1730 ao
302 1664 434 1729 candidi
466 1663 592 1746 inpenii
621 1685 716 1745 quam
746 1686 767 1729 a
795 1665 901 1744 fratre
930 1666 1065 1746 quodam
1095 1665 1194 1729 eeloso
1224 1663 1350 1729 ordinis

235 1753 499 1818 Praedicatornm
522 1752 700 1833 conscripto
722 1752 834 1818 sideri.
879 1754 926 1817 At
947 1753 1043 1818 etiam
1071 1753 1109 1818 in
1131 1753 1183 1818 lois
1200 1753 1350 1835 partibus

233 1842 355 1923 fratres
370 1841 622 1922 Praedicatores,
640 1842 818 1919 Torsonern,
836 1843 976 1908 Ottonem
990 1842 1070 1923 dieo,
1094 1863 1230 1924 mapnas
1239 1847 1351 1924 portes
1360 1867 1386 1907 ιε

235 1937 363 2013 epentes
392 1931 608 2012 deprehendis.
654 1930 758 2011 Atque
788 1931 883 1996 etiam
912 1931 987 2012 fieri
1010 1931 1124 2013 potuit,
1154 1938 1190 1996 nt
1218 1930 1368 2013 qnidam-

234 2021 340 2100 frater
362 2020 487 2085 ordinis
503 2019 766 2086 Praedicatorum
788 2019 917 2102 inpenio
939 2027 1032 2101 atque
1054 2020 1160 2085 indole
1182 2018 1351 2085 dissimilis

236 2117 314 2174 esset
356 2111 498 2189 fratrum
543 2129 681 2175 snorum.
746 2109 909 2174 Ponamus
955 2109 1118 2175 Siboldum
1163 2108 1351 2174 eanonieum

237 2199 271 2264 S.
288 2197 431 2279 Mariae,
456 2198 511 2279 qni
534 2199 662 2262 mundo
678 2218 757 2262 vere
780 2201 935 2263 mortuus
959 2220 990 2263 a.
1009 2203 1104 2262 1239.
1128 2197 1238 2263 ordini
1253 2197 1351 2262 Prae·

236 2287 414 2352 dicatorum
436 2308 468 2352 se
492 2285 634 2368 tradidit,
658 2285 714 2367 qni
736 2285 877 2365 forsitan
899 2285 967 2352 iam
990 2294 1085 2353 anteo
1108 2285 1229 2351 amiens
1252 2287 1387 2352 Prae-so

236 2375 412 2440 dicatorum
435 2374 542 2454 fuerit,
567 2375 713 2440 Annales
735 2375 976 2456 Erpbordenses
999 2375 1261 2458 conscripsissem·
1282 2375 1351 2440 iam

231 2469 363 2544 pateret,
386 2464 470 2528 ande
493 2463 637 2544 evenerit,
661 2469 696 2527 nt
717 2463 818 2528 multo
832 2464 1015 2530 deecclesia
1032 2466 1065 2530 S.
1082 2464 1226 2546 Mariae,
1250 2465 1352 2528 multa

236 2554 274 2616 de
297 2551 409 2617 ordine
431 2551 694 2616 Praedicatorum
716 2552 754 2617 in
776 2552 828 2618 liis
850 2553 1024 2618 annalibus
1046 2555 1201 2636 leyantnr.

343 2640 491 2706 Maxime
513 2661 561 2704 me
583 2647 690 2722 mouet,
714 2641 797 2723 qaod
821 2641 959 2707 Croniaa
983 2643 1017 2708 S.
1041 2643 1131 2707 Petri
1154 2649 1183 2706 et
1204 2642 1353 2707 Annales

237 2728 332 2795 etiam
361 2751 457 2812 nsque
487 2729 531 2794 ad
559 2751 590 2793 a.
616 2735 710 2812 1253,
742 2750 801 2811 quo
830 2729 866 2794 bi
894 2733 992 2810 Jlnem
1021 2732 1136 2796 liabent
1145 2731 1164 2812 ³,
1196 2731 1389 2812 quaedamss

237 2817 416 2884 eommunia
438 2819 584 2899 babeant,
607 2819 690 2883 unde
713 2820 831 2884 elusere
854 2817 978 2883 uidetur
997 2819 1190 2885 ebronistam
1205 2819 1353 2884 Annales

238 2907 272 2971 S.
293 2904 427 2972 Mariae
450 2914 556 2973 anctos
579 2913 609 2972 et
631 2907 829 2972 continuatos
852 2929 873 2972 a
895 2907 1000 2988 fratre
1023 2909 1158 2990 quodam
1180 2907 1354 2973 Praedl'm·

238 3001 303 3060 tore
325 2995 482 3078 babuisse,
506 2999 627 3062 eosdem
649 2995 750 3080 iyitnr
772 2997 916 3077 annales,
940 3017 1017 3079 qnos
1038 3019 1097 3062 nos
1119 2998 1276 3062 babemus.
1314 2995 1356 3062 Ut

237 3090 347 3150 auctor
368 3085 523 3150 secundae
540 3083 650 3167 portis
672 3085 762 3149 illins
784 3085 824 3150 ab
847 3091 992 3150 a1245.
1018 3107 1127 3167 pauso
1154 3107 1193 3151 en
1214 3084 1355 3150 Annali-

238 3174 294 3238 bus
316 3173 596 3255 Erpbordensibas
625 3173 835 3255 exscripserit,
863 3195 898 3239 eo
926 3181 1027 3240 motus
1049 3195 1115 3240 esse
1131 3181 1241 3258 potest,
1272 3175 1392 3256 quodsi

238 3263 277 3327 ob
307 3263 363 3327 boo
393 3283 480 3328 anno
506 3263 606 3328 multa
637 3283 675 3327 en
702 3262 841 3329 Uroniea
863 3263 997 3328 Minore
1025 3263 1187 3346 exceperit,
1216 3269 1245 3328 et
1274 3263 1358 3344 quod

237 3350 305 3415 iam
322 3351 422 3432 plura
441 3351 508 3433 ipse
524 3358 634 3417 auetm·
649 3351 793 3432 aequalis
808 3353 966 3417 trmlenda
980 3353 1108 3418 baberet
1128 3353 1176 3417 oel
1198 3351 1235 3416 in
1249 3373 1356 3417 mone·

238 3439 333 3504 sterio
356 3461 412 3505 suo
435 3440 556 3522 scripta
577 3439 758 3505 inuenisset.
794 3441 933 3522 Accedit,
957 3444 1041 3523 qnod
1061 3448 1090 3507 et
1111 3441 1148 3506 in
1171 3439 1358 3506 Annalibns

239 3534 268 3591 et
300 3527 337 3592 in
366 3527 504 3594 Cronioa
537 3531 594 3594 sub
623 3552 655 3595 a.
685 3534 779 3593 1238.
810 3529 951 3612 lepatur:
983 3531 1059 3597 Hoe
1090 3552 1180 3596 anno
1215 3532 1356 3596 adhue

240 3617 399 3682 electis
427 3618 523 3682 illis
553 3619 687 3684 duobus
710 3621 892 3703 prepositis
915 3621 1271 3704 Magdeburgensibus
1296 3643 1393 3684 ...ss

239 3707 331 3770 inber
354 3727 389 3771 ss
413 3707 688 3792 confligentibus,
719 3729 775 3772 nee
798 3713 902 3772 tannen
930 3707 968 3772 in
990 3715 1119 3790 utroque
1143 3708 1246 3773 libello
1269 3707 1358 3790 quid

242 3897 268 3962 1)
292 3895 394 3961 ‘DGQJ
412 3897 450 3950 ed.
469 3900 495 3954 4.
515 3897 553 3964 II,
576 3915 605 3965 p.
618 3899 678 3954 282.
718 3899 772 3961 Qui
791 3901 821 3951 in
839 3900 878 3952 ed.
896 3902 992 3966 quim
1009 3907 1033 3952 et
1051 3906 1125 3953 seoeta
1144 3901 1247 3953 Karoli
1264 3901 1360 3953 Wenoie

239 3969 380 4019 smoniae
398 3969 525 4020 ammae
542 3975 587 4020 est.
656 3972 686 4030 2)
700 3970 776 4033 mod
788 3969 811 4025 I.
824 3971 858 4025 F.
871 3971 1007 4040 Boebmer,
1020 3973 1115 4024 Fontes
1130 3972 1169 4036 ΙΙ,
1185 3988 1215 4039 p.
1228 3980 1278 4019 XL.
1296 3988 1359 4024 ean-

241 4039 340 4091 tissime
357 4041 472 4103 oonieoit,
489 4038 661 4092 Liulosoimm
676 4043 839 4109 scriptorum
858 4044 1013 4094 canonicum
1025 4043 1052 4097 S.
1063 4043 1159 4109 Seueri,
1178 4045 1227 4110 qui
1242 4060 1269 4099 a.
1281 4046 1359 4100 1234.

240 4109 334 4161 obiisse
367 4111 448 4174 infra
474 4111 583 4175 dieitur,
619 4113 748 4177 quaedam
775 4115 880 4179 prioris
906 4117 999 4179 partis
1028 4116 1100 4168 Anu.
1126 4115 1396 4182 Erpnoramstumio

241 4182 385 4248 scripsisse,
405 4183 512 4233 omnino
523 4183 674 4246 meandum
686 4188 730 4236 est.
761 4184 861 4236 Eodem
878 4199 996 4238 sennem
1008 4187 1147 4253 sedensque
1164 4185 1253 4239 indole
1266 4187 1361 4254 plera·

241 4268 289 4319 que
312 4254 462 4320 comoripta
487 4257 550 4305 sunt
574 4269 640 4319 quae
663 4259 725 4306 ante
742 4271 767 4309 a.
782 4256 859 4310 1234.
878 4261 902 4308 et
922 4263 984 4322 post
1008 4257 1078 4310 bum
1100 4273 1201 4309 aunum
1226 4258 1360 4324 nouum.

241 4323 268 4392 3)
288 4323 361 4388 Nam
379 4339 404 4377 a.
420 4325 497 4378 1254.
516 4329 632 4376 musmo
656 4325 709 4377 loeo
732 4327 762 4376 iu
787 4327 899 4378 editione
917 4327 1066 4380 Sebunnati
1085 4330 1253 4396 praemissus
1270 4329 1361 4394 faiam

241 4400 285 4448 est.
323 4396 356 4450 A.
372 4396 450 4450 1253.
468 4396 544 4459 taeta
562 4403 625 4448 uim
641 4411 709 4463 quas
726 4396 766 4447 ibi
781 4403 945 4453 narrantur.
