3182 4996
334 497 525 555 daemona
542 497 570 555 S.
578 497 695 553 PETRI
706 497 868 554 ERAE'ORD.
887 498 1084 554 APPENDIX
1095 499 1152 555 11⁸.
1241 505 1292 560 401

232 703 245 743 s
268 683 508 768 Respondetur
531 683 576 746 ad
599 683 677 747 hec:
702 681 783 746 Non
806 685 858 747 est
881 682 976 748 Deus
998 682 1087 748 alter
1110 685 1153 749 ab
1176 685 1248 765 illo,

338 772 405 851 Qui
427 771 497 836 fuit
521 776 601 836 ante
625 771 689 836 soli
712 773 884 855 tempora:
907 772 1010 837 rebus
1034 773 1126 837 enirn

265 861 411 925 Mutatis
433 861 471 925 in
494 881 530 926 se
553 864 671 926 manet
693 860 919 924 immutabilis
941 861 1014 946 ipse

335 949 369 1014 N
371 971 409 1015 ec
433 950 571 1034 penitus
595 949 704 1014 solido
728 950 855 1033 migrat
878 949 920 1014 ab
945 969 1017 1014 esse
1041 970 1113 1015 suo.

149 1058 164 1098 a
266 1037 340 1117 Quc
363 1059 461 1104 mens
483 1039 611 1116 rimari,
635 1059 702 1122 que
725 1037 846 1122 lingua
868 1042 1021 1104 retexere
1045 1060 1143 1124 posse

217 1149 243 1187 ιο
336 1127 498 1192 Creditur
520 1129 632 1193 eterni
655 1127 807 1211 pondera
829 1127 988 1192 consilii?

265 1216 339 1281 Hos
362 1218 534 1301 parcendo
557 1218 688 1291 iuvat⁸‚
712 1217 749 1280 in
772 1217 870 1300 virga
892 1216 1011 1281 visitat
1033 1216 1122 1296 illos,

335 1305 495 1384 Quantus
516 1306 555 1369 in
577 1306 719 1382 eximiis,
743 1310 863 1370 tentus
886 1307 922 1369 in
946 1306 1088 1390 exiguis.

264 1394 384 1480 Nuper
406 1398 526 1460 nostra
549 1394 614 1460 Dei
637 1394 722 1459 tulit
745 1399 819 1460 etas
843 1395 942 1479 signa
963 1395 1101 1474 furoris,

137 1503 164 1542 ιο
336 1483 363 1547 Ε
387 1484 512 1568 quibus
534 1485 571 1547 in
594 1485 745 1548 medium
771 1483 853 1548 bina
874 1483 1004 1549 referre
1027 1484 1124 1550 libet.

217 1591 242 1632 a
265 1572 352 1637 Sede
375 1573 580 1656 Magontina
604 1573 705 1638 docet
728 1565 821 1638 edisb
847 1573 1078 1652 ructamine,
1291 1592 1380 1646 -1184,

335 1660 444 1740 Quam
463 1662 508 1726 sit
523 1662 616 1746 apud
632 1661 840 1725 Dominum⁰
860 1683 949 1725 vana
964 1663 1058 1727 selus
1076 1664 1264 1729 hominum.
1300 1662 1418 1712 mmm·

263 1749 372 1834 Regia
393 1771 541 1833 namque
564 1751 695 1828 domus,
718 1751 833 1815 tenuis
857 1751 940 1814 dum
963 1751 1084 1816 sibilus
1107 1773 1189 1818 eure

334 1839 416 1904 Sero
440 1839 570 1904 salutat
593 1859 678 1918 eam,
702 1839 862 1904 funditus
884 1839 960 1923 ipsa
982 1841 1063 1904 ruit.

137 1947 163 1985 rs
263 1926 338 2006 Que
361 1927 477 2006 moles,
502 1929 594 2013 quod
617 1949 712 2013 opus,
736 1948 802 2011 que
826 1929 986 1992 machina
1010 1929 1118 1993 diruit
1140 1929 1260 1994 illam?

214 2037 241 2075 so
333 2016 442 2081 Nulla
464 2018 636 2102 profecto:
661 2021 784 2102 potens
807 2038 890 2101 ergo
914 2037 1035 2081 manus
1059 2018 1209 2082 Domini.

262 2106 478 2189 Argumenta
500 2106 614 2191 petis?
660 2106 754 2171 Fisse
778 2106 876 2189 quasi
897 2102 1067 2171 fulmined
1093 2107 1191 2172 bases

334 2194 544 2260 Dissiliendo
568 2197 657 2260 viros
680 2198 759 2260 octo
783 2195 968 2277 decemque
993 2195 1150 2260 necantl.

262 2282 399 2348 Funera
421 2283 637 2368 splendorem
659 2284 743 2349 festi
764 2283 891 2368 regalis
914 2283 1132 2362 adumbrant,

134 2391 162 2430 ao
333 2372 457 2455 Fitque
480 2373 636 2438 nefasta⁰
666 2373 748 2450 dies,
772 2393 838 2456 que
865 2374 968 2437 modo
990 2372 1082 2438 festa
1103 2374 1184 2438 fuit.

212 2479 239 2519 a
262 2459 342 2525 Huc
364 2455 542 2526 invitatis‘
569 2462 763 2546 perhibent,
787 2465 916 2546 quante
940 2461 1120 2526 brevitatis

334 2549 388 2613 Sit
410 2551 606 2615 mundanus
629 2552 748 2628 honor,
773 2553 837 2616 hec
861 2552 993 2628 domus,
1017 2551 1082 2616 iste
1107 2551 1214 2617 dolor.

262 2727 324 2790 ast
348 2749 445 2792 casus
467 2728 551 2793 tetri
575 2749 664 2792 nova
685 2733 773 2806 res⁸‚
798 2749 901 2811 quam
925 2729 1121 2812 posteritati

332 2816 481 2882 ibadere
504 2816 581 2900 lege
605 2817 707 2882 metri
730 2817 886 2900 postulat
908 2817 1052 2881 utilitas.

135 2923 162 2962 aa
262 2903 415 2988 Regulus
425 2907 446 2982 ²,
471 2907 616 2970 antistes
626 2906 648 2982 ³,
672 2907 815 2971 comites
838 2927 1084 2991 procerumque
1108 2908 1267 2973 cohortes

213 3015 240 3054 eo
335 2993 533 3060 Convenere
556 2994 669 3060 loco‘:
692 2995 834 3059 nomina
856 2999 1023 3080 pretereo.
1084 3031 1085 3036 κ

261 3082 359 3146 Rado
383 3082 450 3148 loci
473 3105 599 3148 nomen
623 3083 666 3148 ob
691 3083 800 3161 triste,
825 3085 917 3168 quod
939 3082 1071 3160 intulit,
1096 3105 1207 3149 omen.

332 3171 495 3255 Lugubre
517 3173 638 3236 mortis
661 3193 758 3248 onus,
781 3173 874 3256 quod
897 3171 1091 3237 meminisse
1115 3174 1233 3256 pudet,

261 3259 374 3344 Turpe
397 3281 506 3344 genus
529 3253 616 3324 fati¹¹
641 3262 774 3326 famose
796 3255 991 3326 nobilitati¹

135 3367 162 3408 m
334 3348 526 3433 Complecti
549 3350 682 3415 calamo
704 3343 873 3435 suggero¹¹
898 3350 955 3415 vix
978 3350 1103 3416 animo.

212 3457 239 3498 ss
263 3435 374 3502 Causa
396 3439 466 3503 fuit
489 3459 658 3522 canseque
682 3440 754 3504 dies
777 3433 923 3524 prefixa¹
948 3440 1122 3525 locusque,

332 3528 510 3592 Terminus
532 3529 651 3606 instat,
676 3529 775 3594 adest
797 3529 917 3594 concio
939 3529 1118 3594 nobilium.
1298 3559 1353 3606 (rur
1361 3561 1404 3610 a).

262 3613 454 3682 Consedere
479 3617 596 3682 domo:
621 3617 742 3682 domus
765 3617 828 3680 illa
849 3621 997 3695 vetusta,
1021 3619 1184 3684 latrinam

332 3705 462 3770 Subtus
486 3706 627 3784 babens,
651 3707 746 3770 senio
769 3706 975 3772 debilitante
1001 3708 1128 3772 trabes.

136 3913 162 3953 ab
172 3915 193 3960 ι)
207 3913 288 3954 iurans
302 3912 322 3956 Ι.
375 3911 399 3964 b)
413 3913 464 3954 sule
478 3915 496 3957 2.
551 3913 572 3965 c)
586 3911 653 3954 deum
665 3913 720 3968 (dm)
733 3913 753 3956 Ι.
799 3911 823 3964 d)
837 3915 929 3954 fulmina
944 3917 964 3955 1.
1018 3915 1039 3964 e)
1054 3913 1184 3959 reindui.
1223 3916 1288 3964 oln-

173 3967 238 4006 ulceri
252 3967 271 4008 Ι.
314 3968 337 4016 g)
350 3967 393 4007 En
406 3978 466 4008 που
480 3979 515 4008 ree
530 3966 625 4020 sequti]
640 3980 710 4019 ι...,
725 3967 795 4006 bibus
808 3967 854 4015 fero
866 3969 945 4008 litteris
957 3969 1047 4008 caerula
1060 3969 1080 4012 ἱ.
1130 3969 1155 4022 b)
1167 3970 1220 4010 nctl
1235 3972 1289 4012 l.-

172 4021 398 4123 ssaeossqwndqm‘
411 4021 430 4064 8.
497 4021 515 4071 l)
528 4021 650 4061 nobillltatl
664 4024 683 4065 1.
750 4019 775 4072 k)
789 4031 828 4060 ero
842 4025 861 4060 d
875 4023 934 4062 enlm
949 4022 991 4072 leat
1004 4027 1107 4072 aequm
1121 4024 1141 4067 8.
1207 4021 1224 4075 1)
1237 4023 1290 4063 baec

173 4253 199 4316 1)
233 4251 388 4316 Quindecim
416 4251 534 4305 homines
564 4252 670 4305 obrutos
699 4267 752 4305 esce
781 4253 868 4305 tradit
895 4253 1009 4308 Arncld.
1039 4253 1132 4308 Inebx.
1162 4254 1223 4320 III,
1246 4257 1288 4322 10,

136 4321 325 4387 rosam,
346 4324 456 4390 p.154.
540 4323 568 4391 2)
589 4323 734 4376 Heinrieue
755 4323 801 4378 VI.
826 4339 885 4378 m.
965 4326 994 4392 3)
1014 4324 1156 4378 cruraque
1173 4325 1289 4392 Hopun·

172 4395 253 4450 ἥκω.
324 4393 352 4462 4)
368 4393 527 4459 Erfmdiae.

1040 4505 1075 4558 26
