3208 5006
398 459 592 517 oaomosn
609 459 773 516 MINORIS
792 458 1054 550 CONTINUATIO
1072 462 1096 521 L
1257 465 1307 519 681

297 647 399 710 Anno
424 644 564 710 Domini
587 643 812 709 M⁰OOLXX⁰
841 665 1024 729 germanus
1051 651 1170 711 sancte
1194 645 1397 730 Elyma-1270.

192 736 277 800 beth
299 735 342 799 de
357 733 552 817 Marchmg,
576 732 740 799 videlicet
762 732 908 798 illustris
931 738 967 800 et
989 739 1112 819 potens
1134 755 1195 800 rex
1213 733 1307 812 Belo,
1317 729 1385 778 (Μ
1392 729 1423 778 a).

191 824 228 888 in
251 823 405 908 Ungaria
426 822 577 888 feliciter
600 823 698 888 obiit.
744 823 813 887 Hic
841 823 931 888 enim
953 823 1024 887 fult
1048 824 1113 890 Dei
1137 845 1177 888 ac
1200 824 1309 889 divini

191 913 299 978 oflicii
329 911 514 996 solempnis
544 915 687 976 amator.
734 911 920 976 Paululum
950 917 1028 996 post
1058 917 1204 978 mortem
1238 934 1308 997 pre·

162 1001 257 1066 sfati
288 1002 379 1085 regis
408 1001 529 1085 regina
559 1021 645 1066 uxor
675 1001 771 1066 eiusl
794 1005 829 1066 et
860 1021 997 1066 consors
1026 1003 1133 1086 regni,
1164 1002 1308 1066 nacione

193 1089 314 1169 Gracc,
332 1089 485 1156 feliciter
499 1090 596 1155 obiit.
626 1089 794 1154 Similiter
809 1090 1112 1155 christianissimus
1130 1111 1190 1156 rex
1206 1091 1308 1154 Fran·

192 1181 244 1246 cie
260 1179 442 1244 Lndwicus
465 1179 503 1242 in
525 1178 804 1263 peregrinacione
820 1179 917 1244 obiit.
949 1178 1058 1243 Filius
1074 1200 1207 1263 quoque
1224 1180 1433 1250 eius-(auam).

193 1269 270 1334 dem
305 1269 444 1333 nomine
474 1268 648 1333 Iohannes
680 1271 765 1352 aput
794 1271 928 1352 patrem
963 1268 999 1332 in
1030 1269 1308 1352 peregrinacione

192 1377 298 1442 prope
314 1357 454 1423 Terram
470 1357 633 1421 Sanctam
656 1358 693 1420 in
717 1357 848 1434 castris,
870 1378 941 1422 non
956 1357 993 1420 in
1009 1356 1111 1435 bello,
1136 1359 1196 1423 sed
1211 1357 1308 1422 febre

158 1447 283 1511 rosicut
305 1449 343 1511 et
365 1450 465 1530 pater
486 1466 568 1510 suus
587 1446 674 1510 obiit
693 1466 795 1530 super
810 1467 903 1511 mare
920 1450 1006 1530 aput
1020 1446 1137 1510 Turris.
1173 1447 1307 1511 Ibidem
1319 1469 1426 1518 (aaa).

193 1535 296 1598 multi
318 1535 447 1599 milites
475 1535 513 1597 in
537 1535 741 1600 dissenteria
763 1537 891 1599 mortui
915 1539 1005 1612 sunt,
1031 1540 1067 1600 et
1090 1536 1191 1620 plura
1213 1534 1309 1600 milia

193 1624 449 1708 peregrinorum
473 1623 661 1688 submersi⁸
688 1629 770 1688 sunt
792 1625 829 1688 in
851 1625 948 1688 mari.
985 1625 1099 1708 Igitur
1115 1645 1191 1690 ossa
1206 1625 1309 1688 huius

192 1713 346 1777 Ludwici
368 1713 458 1796 regis
482 1715 518 1778 et
540 1712 603 1776 filii
626 1713 700 1777 eius
723 1713 889 1778 Iohannis
912 1712 1136 1798 solempniter
1158 1713 1309 1778 Parisius

193 1806 229 1867 et
251 1801 437 1867 honorifice
461 1795 562 1866 suntb
584 1802 729 1866 reducta
752 1807 788 1866 et
810 1803 847 1864 in
869 1802 1052 1887 sepulchro
1075 1806 1211 1886 patrum
1236 1823 1309 1866 suo·

158 1913 269 1956 arum
293 1891 479 1955 honorifice
509 1893 591 1954 sunt
614 1890 751 1974 sepulta
780 1891 818 1954 in
840 1891 916 1955 loco
940 1891 1076 1956 celebri.
1124 1891 1196 1957 Iste
1220 1891 1308 1954 Lud-

192 1980 296 2044 wious
311 2000 371 2045 rex
387 1979 530 2044 francie
554 1999 615 2063 per
630 1981 746 2044 omnia
768 1978 962 2055 laudabilis,
988 1979 1120 2044 scilicet
1138 1981 1176 2043 in
1192 1980 1308 2043 divino

193 2068 300 2146 cultu,
324 2069 361 2131 in
384 2069 521 2132 iudiciis
543 2069 652 2147 iustis,
677 2068 714 2131 in
737 2068 898 2152 operibus
921 2069 1072 2152 pietatis,
1096 2069 1132 2132 in
1150 2067 1307 2133 domibus

192 2157 428 2241 religiosorum
445 2157 646 2222 edificandis
669 2177 709 2221 ao
732 2156 769 2221 in
792 2156 949 2241 plurimis
965 2157 1190 2220 karismatum
1209 2157 1307 2221 donis

192 2245 398 2331 precellens
438 2267 539 2311 cruce
572 2247 728 2330 signatus
763 2267 841 2310 cum
875 2244 1046 2330 Phylippo
1080 2249 1116 2310 et
1150 2246 1306 2310 Iohanne

156 2364 182 2402 20
193 2334 272 2399 filiis
308 2335 379 2399 suis
410 2336 447 2398 in
477 2335 803 2400 commemoracione
833 2336 945 2400 sancti
974 2333 1075 2399 Pauli
1105 2336 1148 2399 ad
1177 2337 1404 2418 Aquas-raso.

192 2429 343 2488 mortuas
367 2427 453 2509 aput
467 2424 657 2489 Mamiliam
680 2424 836 2489 aseendit
858 2444 961 2501 mare,
986 2424 1122 2489 circiter
1146 2445 1224 2489 cum
1243 2425 1306 2488 LX

191 2513 331 2578 milibus
352 2517 562 2578 armatorum
580 2514 618 2577 in
639 2513 830 2578 subsidium
846 2513 949 2578 Terre
965 2513 1091 2579 Sancte
1106 2515 1306 2598 navigans&

192 2601 261 2680 Qui
283 2621 376 2666 mare
399 2623 469 2666 non
491 2603 653 2667 transivit
663 2603 683 2681 ²,
708 2604 769 2668 sed
792 2603 890 2668 febre
913 2607 1069 2668 mortuus
1093 2605 1155 2668 est.
1201 2603 1306 2666 Multi

192 2691 252 2754 alii
267 2690 401 2755 nobiles
424 2694 460 2756 et
476 2691 620 2756 barones
636 2692 679 2756 de
696 2692 848 2757 eiusdem
871 2693 963 2776 regis
986 2693 1139 2757 exercitu
1162 2693 1199 2755 in
1215 2691 1306 2757 bello

156 2780 320 2845 asmortui
343 2783 435 2844 sunt.

298 2869 390 2933 Item
418 2868 541 2932 inclita
563 2868 751 2951 Thuringie
781 2868 975 2952 lantgravia
997 2869 1203 2952 Margareta‚
1234 2868 1418 2940 filiarras).

193 2958 359 3022 Friderici
373 2958 599 3041 imperatoris,
615 2957 766 3022 feliciter
781 2957 868 3022 obiit
883 2958 921 3020 in
932 2958 1197 3022 Franckenfurt.
1265 2957 1306 3020 In

194 3049 337 3131 captura
360 3041 528 3111 allecum(¹
549 3045 688 3130 plurimi
711 3049 792 3109 sunt
815 3046 992 3124 submersi,
1017 3046 1150 3111 scilicet
1165 3067 1307 3110 numero

193 3136 290 3218 quasi
305 3134 400 3199 mille
415 3135 490 3212 viri,
515 3137 550 3199 et
574 3156 644 3198 una
666 3135 762 3199 navis
786 3139 927 3218 portans
942 3130 1113 3201 allecum(1
1128 3135 1191 3198 XL
1207 3134 1307 3199 lasto-

157 3245 252 3290 rones
275 3223 452 3289 submersa
474 3226 537 3289 est.

299 3313 391 3378 Item
413 3333 473 3377 rex
488 3313 681 3396 Arrogonie
704 3316 740 3378 et
761 3333 821 3378 rex
845 3312 1010 3377 Navarrie
1033 3333 1168 3378 necnon
1191 3315 1227 3378 et
1249 3333 1308 3377 rex

193 3401 318 3486 Augila
338 3401 547 3467 Odewardus
572 3422 672 3466 cruce
695 3402 824 3486 signati
847 3423 925 3466 cum
949 3403 1018 3467 suis
1043 3401 1250 3467 exercitibus
1272 3401 1309 3464 in

193 3490 385 3555 subsidium
400 3490 503 3556 Terre
519 3490 645 3556 Sancte
668 3511 729 3575 per
752 3510 844 3555 mare
868 3511 947 3555 cum
969 3511 1050 3575 rege
1070 3491 1212 3555 Francia
1238 3511 1308 3574 pro-

192 3579 278 3644 fecti
308 3584 398 3658 sunt,
430 3580 492 3644 sed
515 3579 654 3644 minime
678 3579 932 3664 perveneruntl
955 3583 990 3645 et
1015 3583 1135 3645 contra
1157 3579 1308 3644 Sarrace-

158 3825 260 3872 acamc
273 3834 290 3866 c.
303 3823 329 3866 P.
390 3823 413 3875 b)
427 3824 551 3877 sepultam
564 3825 623 3875 cdd„
637 3825 711 3864 acaum
724 3825 766 3868 dcl.
779 3835 796 3868 c.
849 3821 871 3879 c)
884 3825 915 3864 alc
928 3825 962 3873 P,-
975 3825 1080 3876 navigat?
1096 3835 1114 3868 c.
1171 3821 1194 3874 d)
1208 3823 1276 3872 alloes
1292 3833 1310 3866 c.

195 4021 220 4085 1)
240 4019 332 4072 Marna
356 4019 414 4085 fila
436 4019 568 4073 Theodori
584 4019 713 4073 Macris
737 4022 909 4090 imperatoris
926 4019 1047 4073 Nr'cacni.
1120 4019 1148 4090 2)
1172 4019 1310 4071 Transioit

193 4093 222 4142 in
245 4091 386 4142 Itmicium
403 4096 427 4142 et
445 4092 475 4143 in
492 4099 580 4143 castro
599 4091 807 4158 Ccnhcqfnmss'
823 4091 894 4146 obiit.
931 4091 1033 4143 Auctor
1051 4091 1135 4142 dr'rm
1152 4089 1233 4143 coluit
1251 4106 1309 4142 curn

193 4163 223 4213 ia
244 4163 356 4215 Tarum
374 4161 500 4215 Samiam
518 4178 571 4216 non
589 4165 752 4218 travolat-sac.
842 4165 869 4226 3)
895 4162 1005 4215 Iacobus
1023 4161 1046 4217 I.
1071 4177 1121 4214 rac
1138 4162 1310 4228 Arropom'ac

192 4233 275 4284 classe
292 4249 343 4285 aaa
360 4233 483 4301 dispersa
501 4237 699 4286 contruncare
720 4235 768 4300 (cf.
787 4235 820 4288 R.
840 4233 971 4286 Rdlrricht
988 4235 1018 4285 in
1038 4232 1136 4287 ‘Mica
1155 4233 1181 4287 d.
1200 4232 1267 4288 Iasi.
1286 4233 1309 4296 f.

157 4303 306 4359 roceam.
328 4304 429 4359 Gcsct!
441 4304 493 4369 XI,
516 4321 545 4373 p.
564 4307 617 4360 372
635 4309 712 4373 sqq).
753 4305 919 4358 notanus
936 4322 985 4358 rac
1003 4305 1158 4357 Narco-rias
1175 4319 1233 4356 cum
1251 4319 1310 4369 repe

193 4375 328 4427 Francius
354 4377 384 4426 in
413 4376 556 4428 Tum'cr'um
581 4377 717 4444 profectus
742 4381 787 4432 cst.
823 4377 977 4429 Edwardua
1003 4378 1083 4428 ettam
1110 4381 1170 4444 post
1200 4379 1309 4427 mortem

193 4446 329 4499 Ludowici
346 4445 398 4501 IX.
425 4449 496 4512 rech
518 4449 548 4500 in
569 4448 711 4500 Iicni'cr'um
736 4448 850 4515 ademit,
867 4448 969 4514 dehinc,
992 4453 1135 4515 postquam
1161 4449 1192 4499 in
1216 4445 1309 4498 Sr'cilic
