3136 4990
254 444 443 500 ANNALES
462 445 489 502 S.
503 446 618 501 PETRI
635 447 1009 503 ERPHESFURTENSES
1028 447 1198 518 ANTIQUI.
1256 453 1289 506 13

1317 613 1393 660 Lnrerp.

167 631 289 693 tempore
308 625 378 678 belli
400 625 481 678 huius
505 626 672 692 servabatur,
697 626 771 678 iussu
796 625 868 694 regis
893 625 1031 695 proiectus
1058 644 1089 679 eo
1115 627 1198 680 abbas
1217 627 1288 680 Her·
1300 667 1409 714 ampl.

166 696 335 759 valdenses,
345 696 579 750 consentientibus
589 697 745 766 Thunugis,
759 713 818 749 earn
831 697 895 750 inde
904 697 1009 766 accepit
1019 703 1100 766 atque
1109 697 1286 752 Herveldiam

168 767 282 819 adduxit
303 772 489 836 pregnantem
513 773 541 821 et
559 767 613 820 iarn
633 767 666 820 de
686 772 780 836 partus
798 768 938 822 vicinitate
956 769 984 820 in
1004 768 1061 822 dies
1080 769 1245 824 anxiantem.

272 853 386 909 Interea
404 872 453 908 rex
472 873 533 909 cum
547 855 660 922 videret,
680 856 753 924 quod
767 857 898 924 paulatim
912 874 927 908 a
940 873 968 910 se
981 857 1117 926 principes
1131 857 1287 925 deficerent,

146 929 193 980 cet
209 926 333 980 hostium
353 925 482 980 ferocitas
507 944 556 980 sua
581 927 667 996 magis
692 927 824 994 patientia
849 927 1058 995 incrudesceret,
1083 929 1187 996 pudore
1213 945 1286 982 com-

166 998 258 1064 pulsus
277 998 383 1065 pariter
402 1001 430 1050 et
448 999 608 1051 necessitate
626 997 721 1051 statuit
740 1003 891 1051 extremam
908 999 1034 1052 fortunae
1052 999 1138 1052 aleam
1152 1005 1286 1068 temptare

167 1077 275 1121 etcum
295 1067 460 1134 Saxonibus,
485 1068 531 1122 ubi
550 1069 669 1136 primum
692 1069 770 1136 copia
794 1069 881 1136 fieret,
908 1070 1015 1122 collatis
1040 1070 1123 1136 signis
1149 1070 1286 1134 dimicare,

166 1140 253 1208 magis
282 1139 386 1208 eligens
415 1141 499 1192 vitam
527 1139 650 1205 honeste,
675 1157 756 1207 quarn
784 1157 813 1193 re
834 1158 900 1192 nurn
928 1158 978 1208 per
1005 1140 1123 1194 dedecus
1152 1141 1285 1196 amittere.

167 1208 314 1280 Igiturb
337 1215 561 1280 congregato
588 1211 710 1264 exercitu
728 1210 779 1266 VI.
832 1211 866 1266 al.
892 1210 957 1266 Feb.
984 1211 1183 1264 Herveldiamu
1212 1213 1286 1265 venit

136 1287 296 1334 incontra
315 1279 486 1336 Saxones.

274 1367 480 1422 Hildebrandns
505 1387 577 1437 papa
602 1386 662 1422 cum
690 1369 822 1438 episcopis
844 1369 939 1423 ltaliae
964 1371 1128 1424 conveniens
1153 1372 1207 1424 iam
1233 1369 1455 1434 fre-reputasse.

166 1441 314 1506 quentibns
326 1439 435 1507 synodis
448 1439 613 1507 decreverat,
628 1445 658 1493 ut
669 1439 817 1494 secundum
829 1439 955 1494 instituta
967 1443 1140 1509 antiquorum
1150 1459 1286 1495 canonum

166 1512 331 1578 presbiterie
349 1527 449 1563 uxores
461 1529 516 1564 non
529 1511 656 1575 habeant,
674 1511 805 1566 habentes
823 1516 869 1564 aut
882 1511 1023 1565 dimittant
1040 1516 1088 1564 aut
1104 1514 1285 1581 deponantur,

165 1599 218 1634 nec
236 1583 380 1650 quisquam
400 1582 510 1634 omnino
524 1582 559 1634 ad
571 1582 752 1635 sacerdotium
766 1583 935 1650 admittatur,
954 1583 1000 1652 qui
1014 1600 1068 1636 non
1081 1583 1109 1636 in
1122 1589 1285 1652 perpetuum

134 1653 364 1706 incontinentiam
383 1652 523 1720 vitamque
547 1653 662 1707 celibem
688 1653 856 1722 profiteatur.
900 1653 963 1706 Hoc
989 1655 1099 1707 decreto
1125 1673 1174 1723 per
1199 1661 1284 1708 totam

165 1723 278 1776 ltaliam
307 1724 498 1792 promulgato,
530 1724 639 1776 crebras
666 1724 758 1777 literas
786 1725 821 1776 ad
849 1724 990 1792 episcopos
1018 1724 1168 1778 Galliarum
1199 1731 1285 1778 trans-

165 1795 303 1860 mittebat,
322 1793 484 1863 precipiens,
504 1799 534 1846 ut
553 1795 603 1862 ipsi
622 1811 731 1862 quoque
750 1795 778 1848 in
797 1795 850 1847 suis
870 1796 1005 1848 aecclesiis
1023 1797 1147 1850 similiter
1166 1797 1285 1850 facerent

167 1873 249 1932 atque
277 1883 294 1918 a
322 1865 503 1919 contubernio
535 1865 706 1918 sacerdotum
738 1883 833 1918 onmes
865 1867 976 1918 omnino
1007 1865 1122 1920 feminas
1152 1875 1285 1936 perpetuo

167 1937 342 1989 anathemate
361 1940 523 1990 resecarent.
560 1937 700 1990 Adversus
718 1937 771 1989 hoc
793 1937 934 1990 decretum
960 1939 1084 2005 protinus
1108 1939 1286 1992 vehementer

133 2007 310 2061 :uinfreinuit
326 2012 387 2060 tota
405 2006 488 2060 factio
507 2007 677 2072 clericorum,
699 2008 839 2061 hominem
858 2009 939 2076 plane
965 2009 1114 2062 hereticum
1141 2014 1168 2062 et
1192 2010 1285 2063 vesani

168 2079 306 2147 dogmatis
325 2095 382 2131 esse
402 2078 552 2143 clamitans,
578 2079 624 2146 qui
644 2078 744 2132 oblitus
769 2079 901 2132 sermonis
919 2079 1038 2146 Domini,
1064 2097 1117 2146 quo
1145 2081 1197 2133 ait:
1223 2083 1284 2132 h'on

168 2167 256 2202 carnes
279 2152 391 2218 capiunt
416 2151 463 2202 hoc
487 2150 611 2211 verbm
637 2153 687 2216 qui
709 2156 795 2216 potest
819 2167 919 2218 capere,
943 2154 1050 2218 capice-
1078 2154 1106 2204 et
1131 2153 1284 2218 apostolus:

168 2223 221 2283 Qui
238 2238 265 2273 ae
283 2237 337 2273 non
357 2223 478 2284 eontr'net,
497 2223 598 2281 stubam
615 2222 711 2274 rrectius
729 2227 765 2274 cst
784 2225 852 2273 enim
871 2223 967 2274 nubae
985 2239 1066 2288 quam
1085 2225 1139 2284 uri,
1165 2223 1285 2275 violenta

166 2293 311 2344 exactione
329 2291 452 2344 homines
470 2290 562 2344 vivere
581 2295 693 2360 cogeret
713 2291 769 2344 ritu
789 2293 957 2362 angelorum,
983 2296 1011 2344 et
1033 2293 1098 2344 dum
1125 2299 1283 2346 consuetum

132 2379 276 2417 accursum
301 2367 417 2415 naturae
442 2366 563 2430 negaret,
590 2361 764 2415 fornicationi
791 2368 818 2415 et
843 2363 1037 2416 immundiciae
1062 2363 1140 2416 frene
1165 2364 1284 2432 laxaret;

167 2433 239 2500 quod
264 2433 286 2485 si
309 2436 438 2502 pergeret
460 2433 622 2486 sententiam
646 2432 816 2500 confirmare,
842 2434 924 2486 malle
942 2451 971 2486 se
996 2434 1178 2487 sacerdotium
1204 2453 1284 2503 quam

167 2504 324 2572 coniugium
345 2503 476 2571 deserere,
496 2509 524 2556 et
542 2509 606 2556 tunc
625 2503 745 2557 visurum
760 2521 830 2572 eum,
851 2503 894 2558 cui
907 2504 1031 2558 homines
1043 2505 1193 2574 sorderent,
1212 2506 1284 2558 unde

166 2575 352 2644 gubernandis
370 2592 420 2642 per
437 2574 594 2628 aecclesiam
613 2575 666 2627 Dei
689 2575 816 2643 plebibus
838 2576 949 2641 angelos
975 2579 1181 2643 comparaturus
1207 2585 1284 2630 essct.

167 2645 369 2699 Nichilominus
398 2646 445 2698 ille
470 2647 590 2699 instabat
619 2651 647 2699 et
672 2645 786 2699 assiduis
811 2646 994 2716 legationibus
1022 2647 1163 2714 episcopos
1191 2665 1284 2700 omnes

134 2716 307 2772 aosoccrdiae
328 2734 360 2770 ac
378 2716 502 2770 desidiae
518 2718 659 2786 arguebat,
680 2721 707 2769 et
724 2717 778 2769 nisi
796 2718 871 2770 ocius
890 2717 1044 2771 iniunctum
1062 2718 1115 2770 sibi
1140 2720 1284 2788 negocium

168 2791 376 2856 exequerentur,
395 2786 545 2854 apostolica
562 2805 590 2841 se
609 2805 723 2841 censura
741 2788 769 2840 in
789 2806 834 2841 eos
860 2789 1111 2841 animadversurum
1137 2790 1285 2842 commina-

168 2859 255 2913 batur.
293 2858 525 2926 Archiepiscopus
544 2858 651 2928 Sigei
655 2857 780 2911 ridusd
798 2858 996 2929 iliogontinuse
1020 2859 1107 2913 sciens
1125 2877 1180 2913 non
1199 2878 1284 2928 parvo

168 2934 292 2983 constare
324 2947 436 2997 operam
466 2930 551 2994 hunc,
583 2933 614 2982 ut
643 2934 721 2982 tanto
751 2935 876 2998 tempore
906 2930 1029 2984 inolitam
1061 2931 1284 2984 consuetudinem

167 3002 314 3054 revelleret
327 3005 409 3068 atque
425 3000 461 3053 ad
472 2999 629 3054 rudimenta
645 3001 781 3054 nascentis
794 3001 940 3054 aecclesiae
953 3005 1138 3055 senescentem
1152 3003 1285 3054 mundum

135 3071 345 3135 sessionum-et,
370 3071 537 3124 moderatius
564 3073 664 3141 agebat
689 3089 750 3124 cum
777 3072 829 3140 eis;
855 3076 883 3125 at
907 3072 997 3140 primo
1024 3071 1061 3125 eis
1087 3073 1113 3124 in
1141 3073 1284 3125 dimidium

169 3159 268 3195 annum
288 3141 412 3195 inducias
436 3141 485 3195 etr
507 3141 678 3195 deliberandi
700 3142 807 3210 copiam
828 3143 911 3209 dedit,
937 3143 1049 3196 hortans
1075 3161 1128 3209 eos,
1157 3149 1187 3196 ut
1212 3143 1285 3211 quod

168 3214 321 3266 necessario
349 3213 503 3266 iaciendum
533 3213 568 3266 sit
596 3218 692 3280 sponte
718 3213 819 3266 famant
843 3219 871 3267 et
896 3217 952 3266 tam
978 3214 1029 3267 sibi
1054 3231 1136 3282 quam
1159 3213 1285 3267 Romano

169 3283 292 3352 pontifici
305 3285 493 3337 necessitatem
507 3283 630 3336 adimant
642 3283 746 3352 aliquid
759 3285 787 3336 in
800 3301 854 3350 eos,
874 3285 947 3352 quod
960 3285 1091 3352 recussit,
1112 3284 1284 3338 decernendi.

169 3355 214 3408 sd
232 3355 362 3408 ultimum
381 3359 547 3424 congregata
566 3355 669 3423 synodo
689 3356 717 3407 in
735 3354 899 3423 Erpheslurt
922 3372 1014 3408 mense
1034 3355 1147 3408 Octobri
1170 3356 1286 3424 pressius

137 3427 222 3480 uriam
241 3426 412 3492 imminebat,
439 3430 469 3479 ut
487 3427 610 3495 relegata
635 3427 711 3478 omni
735 3427 961 3494 tergiversatione
987 3427 1214 3494 inpresentiarum
1240 3431 1287 3479 aut

170 3497 328 3566 coniugium
347 3497 505 3550 abiurarent
524 3503 571 3550 aut
588 3497 659 3550 sacri
672 3497 763 3550 altaris
780 3497 931 3552 ministerio
945 3515 973 3550 se
987 3497 1154 3553 abdicarent.
1183 3497 1287 3550 Multas

169 3573 281 3621 econtra
300 3568 341 3620 illi
359 3568 482 3621 raciones
501 3569 664 3632 asserebant,
683 3568 781 3636 quibus
801 3568 925 3622 instantis
943 3567 1168 3636 perurgentisque
1185 3569 1287 3637 impro-

169 3639 283 3692 bitatem
304 3639 415 3692 eludere
433 3639 650 3708 sententiamque
675 3656 780 3692 cassare
805 3639 965 3694 niterentur.
1010 3637 1133 3705 Cumque
1159 3639 1287 3692 adversus

168 3709 333 3778 apostolicae
357 3709 428 3763 sedis
451 3710 651 3777 auctoritatem,
677 3727 731 3777 qua
749 3727 778 3763 se
796 3710 843 3762 ille
863 3711 897 3764 ad
916 3711 987 3763 hanc
1006 3711 1176 3763 exactionem
1194 3717 1288 3779 preter

134 3781 338 3837 involuntatem
357 3781 497 3848 propriam
517 3798 578 3834 com
598 3781 687 3833 ulsmn
707 3781 882 3850 obtendebat,
905 3780 990 3834 nichil
1010 3785 1178 3851 argumenta,
1201 3782 1287 3835 nichil

168 3851 390 3920 supplicationes,
409 3869 503 3919 preces
528 3799 701 3919 proficerent,
727 3853 827 3920 egressi
851 3857 982 3921 tanquam
1007 3853 1042 3905 ad
1068 3853 1287 3919 consultandum,

166 3922 310 3976 consilium
331 3922 435 3988 ineunt,
461 3928 490 3975 ut
516 3922 545 3974 in
563 3923 695 3990 synodum
721 3939 777 3975 non
801 3922 923 3990 redeant,
950 3923 997 3976 sed
1022 3923 1116 3976 iniussi
1141 3941 1234 3976 ornnes
1259 3924 1287 3975 in

167 3993 263 4046 domos
286 4010 349 4045 suas
372 3993 521 4048 discedant.
562 3993 697 4046 Nonnulli
720 3993 802 4047 etiam
827 3993 945 4047 confusis
970 3994 1083 4048 vocibus
1109 3994 1288 4046 clamitabant

167 4065 264 4117 melius
282 4064 337 4117 sibi
356 4063 451 4133 videri,
471 4069 501 4116 ut
519 4065 547 4116 in
560 4065 693 4132 synodum
710 4065 826 4134 regressi
844 4065 932 4134 ipsum
946 4065 1111 4133 episcopum,
1129 4065 1286 4133 priusquam

134 4155 158 4191 so
167 4137 351 4190 execrabilem
371 4135 513 4188 adversum
534 4153 580 4190 eos
599 4135 763 4189 sententiam
782 4137 977 4206 promulgaret,
997 4135 1127 4189 cathedra
1140 4135 1288 4204 episcopali

166 4343 186 4374 a,
202 4329 307 4374 llerueld
319 4343 338 4372 c.
395 4333 418 4380 h)
432 4333 504 4382 Igitur
518 4333 540 4370 ιἰι
554 4334 600 4372 loro
615 4343 673 4382 raso,
688 4343 764 4381 congr.
775 4333 910 4373 —Saxones
924 4334 968 4372 atro
983 4337 1070 4382 atram„
1081 4334 1166 4382 purtim
1181 4335 1204 4372 tn
1219 4345 1288 4381 ηιαιιρ.

161 4392 212 4434 post
225 4387 298 4436 suppl,
383 4393 403 4436 c)
418 4387 451 4434 pii
465 4397 492 4435 a,
507 4391 529 4424 ut
544 4387 658 4436 Lcmpertr'
671 4387 737 4425 cedes
751 4391 836 4435 crrtcpr.
848 4397 892 4434 pro
906 4385 956 4436 ptiri
972 4387 1072 4425 habumse
1090 4387 1181 4436 rv'detur,
1200 4398 1246 4425 runo
1266 4389 1288 4423 1η

166 4441 197 4480 od.
208 4442 284 4490 princ.
300 4439 362 4490 patri
377 4439 468 4487 lquier.
537 4439 559 4488 d)
573 4441 647 4478 eadem
661 4451 728 4477 aranu
741 4449 848 4489 superarer.
921 4441 942 4490 e)
957 4441 1046 4489 magoni
1059 4451 1077 4479 e.
1151 4441 1288 4488 neapo-m.
