3182 4996
348 471 540 528 caumana
557 473 585 533 S.
593 471 710 528 PETRI
721 471 880 529 ERI'ORD.
899 471 1095 528 APPENDIX
1105 473 1156 529 VI.
1263 478 1316 532 439

201 662 319 720 festum
343 663 447 738 agitur
469 663 568 720 altera
592 663 642 720 010
664 666 738 738 post
753 661 876 732 calixti,
899 663 933 720 id
948 663 1046 720 estin
1060 662 1200 738 profesto
1215 665 1316 721 sanct-i

199 751 291 809 Galli.
337 751 417 810 Item
449 751 488 810 00
519 756 629 810 sancto
658 752 809 810 Mauricio
838 751 1010 810 notabilem
1038 752 1223 827 portionem.
1270 753 1316 810 De

200 844 311 898 sancta
326 839 442 898 Ursule
464 841 572 916 regina
594 857 631 898 ao
649 841 786 898 martire.
820 841 866 898 De
884 840 993 898 tunica
1016 844 1124 898 sancte
1142 840 1315 910 Elisabeth,

200 930 239 986 00
263 933 373 987 sancto
395 927 535 988 Steliano
549 929 800 1005 prothomartirs‚
825 930 865 987 de
881 932 990 988 sancto
1006 929 1142 988 Maruno
1160 930 1315 1005 episcopo.

169 1019 246 1076 sDe
276 1018 415 1076 crinibus
444 1018 536 1076 beate
559 1017 657 1076 Mar-ie
687 1035 810 1094 semper
832 1018 972 1094 vitginis.
1017 1018 1098 1077 Item
1128 1018 1208 1076 duas
1239 1019 1316 1075 satis

200 1123 333 1182 magnas
355 1107 518 1183 porciones
536 1108 576 1164 do
599 1108 748 1165 societate
771 1108 872 1165 sancti
888 1106 1038 1166 Gereonio
1056 1107 1203 1165 martiris.
1236 1107 1327 1165 Item.

199 1196 372 1254 notabilem
393 1197 572 1271 porcionem
596 1197 635 1254 00
658 1197 761 1271 capite
783 1196 878 1254 unius
901 1214 940 1254 ex
963 1196 1112 1254 societate
1135 1197 1234 1254 sancti
1260 1194 1317 1254 Ge-

200 1285 313 1342 reonio.
347 1284 428 1343 Item
451 1285 589 1360 quiuque
612 1285 715 1360 000100
739 1289 921 1344 sanctarum
936 1285 1091 1343 Undecim
1114 1285 1235 1342 milium
1259 1285 1317 1342 vir·

199 1375 320 1448 giuum,
351 1375 384 1431 in
414 1373 528 1449 quibus
562 1374 667 1449 plures
702 1375 904 1432 continentur
937 1375 1074 1450 requnie.
1121 1374 1202 1433 Item
1232 1374 1317 1431 idom

164 1480 190 1520 ro
199 1463 348 1521 domiuus
374 1463 597 1520 Werdeuonsis
631 1463 664 1520 10
699 1463 831 1520 diversis
864 1463 940 1521 locis
975 1461 1102 1522 Colonia
1136 1464 1318 1538 impetravit

200 1552 317 1609 multas
341 1552 487 1627 reIIquias
511 1553 550 1609 00
577 1551 706 1626 collegio
730 1556 912 1610 sanctarum
935 1552 980 1609 XI
1003 1552 1125 1610 millum
1148 1553 1316 1628 virginum,

200 1642 282 1698 circa
304 1639 409 1698 LXX⁸
436 1641 598 1716 porciones
622 1644 655 1698 00
677 1644 736 1699 000.
775 1641 929 1699 Dominus
953 1640 1106 1699 retribuat
1128 1642 1157 1698 ei
1179 1642 1318 1716 graciam

200 1727 308 1787 suam!
345 1731 457 1787 Amen.

121 1839 150 1889 γ,
158 1843 190 1884 1⁶,
310 1814 436 1876 'Anno‘
455 1819 582 1876 Domini
598 1818 763 1876 millesimo
779 1817 1088 1893 quadringentesimo
1104 1820 1317 1894 octuagesimo
1328 1816 1405 1869 1481·

167 1908 301 1982 reprimo
331 1910 419 1965 sexto
448 1905 609 1964 Kalendas
639 1907 714 1964 Maii
744 1907 934 1964 reverendus
963 1908 996 1964 in
1021 1905 1145 1965 Christo
1174 1911 1263 1982 pater
1285 1912 1423 1970 0000010.

201 1997 348 2053 dominus
382 1996 529 2054 dominus
567 1995 724 2054 Iohannes
758 1995 945 2070 Syronensis
979 1996 1108 2053 00010010
1129 1997 1317 2072 episcopua,

201 2174 423 2248 archiepiscopi
447 2172 625 2248 Mogontini
648 2175 682 2230 in
704 2173 934 2248 pontificalibus
964 2173 1099 2230 vicarius
1129 2191 1186 2231 000
1209 2173 1318 2231 0011ῐο-

201 2280 332 2339 gamus,
362 2262 422 2320 sub
453 2265 485 2320 00
513 2266 658 2337 presente
688 2263 859 2320 reverendo
888 2265 977 2337 patre
1005 2262 1131 2319 domino
1155 2261 1318 2321 Gunthero

166 2352 316 2411 coabbate
347 2352 529 2409 monasterii
563 2353 664 2409 sancti
694 2351 779 2408 Petri
813 2351 1021 2409 Eriiordensis
1056 2353 1251 2410 consecravit
1284 2353 1316 2408 in

202 2441 391 2498 clmiterium
414 2443 447 2497 00
469 2441 663 2515 sepulturam
687 2443 892 2511 mortuorum,
923 2457 987 2497 non
1017 2441 1216 2498 obstantibus
1240 2442 1317 2515 prio·

202 2529 288 2587 ribus
317 2530 397 2588 actis
426 2529 675 2605 quibuscunque,
698 2529 880 2606 capitolium
909 2534 984 2588 0000
1012 2530 1177 2587 introitum
1199 2531 1317 2604 capella

202 2622 311 2676 sancte
333 2618 426 2675 Anne
449 2621 607 2676 ettotam
630 2619 795 2677 circuitum
825 2619 963 2676 ambitus
992 2635 1063 2676 cum
1089 2619 1221 2694 siugulis
1244 2636 1317 2694 qua·

201 2713 274 2764 tuor
302 2707 427 2783 augulis
455 2707 573 2765 ibidem
604 2707 642 2764 00
672 2724 754 2764 novo
785 2708 910 2777 dicavit,
941 2708 1100 2777 001101000,
1134 2707 1220 2785 quod
1253 2708 1318 2783 qui·

166 2813 326 2872 uscunque
349 2796 446 2854 semel
462 2796 618 2854 ambitum
633 2797 813 2854 huiusmodi
837 2797 989 2854 circuiens
1012 2800 1045 2854 et
1060 2797 1198 2872 quinque
1221 2797 1317 2854 domi·

201 2887 288 2942 nicus
319 2885 475 2942 orationes
506 2889 538 2942 00
566 2889 616 2942 tot
644 2886 802 2960 angelicas
833 2886 1039 2943 salutationes
1070 2886 1136 2942 sive
1159 2886 1317 2961 psalmum

201 2971 248 3032 De
264 2973 426 3046 profundis
447 2991 520 3031 cum
544 2974 699 3031 dominica
723 2975 862 3031 oratione
885 2977 918 3031 00
933 2974 1063 3031 collecta
1078 2972 1224 3032 fidelium
1239 2973 1318 3031 Deus

202 3063 315 3120 devote
338 3079 394 3138 pro
416 3063 533 3120 ibidem
557 3063 689 3137 sepultis
718 3067 750 3120 et
772 3062 960 3138 sepeliendIs
984 3062 1097 3120 dixerit
1119 3066 1175 3119 aut
1197 3062 1316 3135 legerit,

202 3152 411 3227 quadraginta
434 3151 501 3209 dies
524 3151 564 3208 00
588 3152 812 3227 omnipotentis
835 3149 893 3208 Dei
916 3151 1128 3209 misericordia
1157 3154 1191 3208 et
1212 3151 1316 3207 beato·

167 3257 272 3300 eornm
295 3240 509 3315 apostolorum
531 3240 616 3298 Petri
643 3245 676 3298 et
698 3240 797 3309 Pauli,
821 3240 1004 3297 monasterii
1033 3239 1147 3314 prelati
1173 3243 1317 3315 patrono·

202 3347 282 3398 rum,
295 3329 432 3387 confisus
449 3330 635 3386 auctoritate
650 3329 891 3386 misericorditer
907 3315 1096 3396 00000001οὴ,
1113 3329 1153 3386 00
1168 3329 1317 3385 1011100010

201 3418 383 3493 penitentiis
413 3419 455 3475 00
484 3418 667 3493 petitIonem
700 3418 818 3475 domini
848 3416 1003 3475 Guntheri
1033 3417 1155 3474 abbatis
1186 3417 1317 3492 predicti

201 3506 329 3583 largIter
350 3506 512 3564 relaxavit.
547 3507 584 3564 In
607 3507 696 3564 cuius
720 3507 814 3565 robur
836 3510 869 3564 et
890 3509 1078 3582 perpetuum
1101 3506 1318 3563 testimonium

202 3596 286 3653 idem
309 3596 500 3653 reverendus
523 3601 612 3671 pater
635 3594 782 3654 dominus
804 3595 962 3653 Iohannes
993 3595 1156 3670 episcopus
1180 3594 1318 3669 sigillum

166 3702 295 3746 usuum
320 3685 410 3742 duxit
433 3685 630 3758 presentibus
653 3684 899 3760 appendendum
922 3689 956 3742 et
976 3685 1114 3741 iltteram
1137 3683 1318 3741 huiusmodi

202 3773 333 3831 tradidit
356 3773 535 3849 sigillatam.
570 3775 688 3831 Actum
707 3790 801 3842 anno,
826 3773 876 3831 die
899 3777 933 3830 00
954 3774 1022 3831 1000
1045 3772 1099 3829 ubi
1123 3789 1227 3847 supra,
1252 3789 1317 3846 pre·

202 3862 345 3920 sentibus
375 3863 516 3937 pluribus
540 3862 801 3921 conventualibus
831 3866 864 3920 et
886 3863 1044 3919 conversis
1067 3861 1318 3937 congregationis

202 3952 268 4009 sive
291 3955 466 4010 conventus
489 3953 591 4009 sancti
613 3951 698 4009 Petri
720 3952 762 4008 ad
784 3951 843 4008 hoc
865 3968 920 4026 per
938 3951 1103 4008 dominum
1118 3949 1318 4008 Guutherum

202 4040 350 4098 abbatem
380 4057 435 4115 pro
463 4040 580 4098 honoro
610 4039 705 4098 oiflcii
734 4039 921 4116 pontificalis
945 4040 1065 4097 vocatis
1088 4040 1264 4114 specialiter
1286 4044 1319 4096 00

164 4129 372 4204 0000000010.
408 4129 527 4187 Eodem
547 4130 597 4187 die
619 4130 705 4186 idem
727 4129 918 4186 reverendus
942 4133 1032 4203 pater
1054 4129 1215 4186 benedeit
1232 4145 1318 4202 yma·

201 4218 306 4294 ginem
330 4217 606 4294 beatiWolIgangi
629 4216 788 4276 dotando⁰
809 4217 988 4293 quindecim
1012 4218 1134 4276 dierum
1156 4218 1319 4293 indulgen·

201 4417 223 4463 a)
237 4421 345 4467 sequendo
359 4423 434 4458 ocium
449 4431 515 4458 mrtnu
529 4431 545 4462 s.
561 4421 609 4463 XV.
623 4421 705 4470 scirpia
718 4423 780 4467 sum
798 4421 820 4458 tn
834 4432 906 4469 oraro.
919 4421 979 4462 rubr.
993 4433 1009 4462 0.
1024 4420 1095 4460 XVI:
1114 4421 1258 4461 Consecracio
1273 4429 1318 4458 am·

201 4472 268 4511 bitus.
324 4473 347 4523 b)
360 4473 391 4511 sle
403 4477 507 4511 sententia
521 4475 573 4512 tuoe
586 4475 718 4523 neplopmer
731 4477 853 4516 constructo
868 4479 904 4516 est.
958 4475 979 4526 0)
993 4472 1060 4516 dolari
1076 4487 1093 4517 c.
