3188 4990
279 474 332 528 338
414 469 581 526 ORONIOA
594 469 621 526 S.
630 467 748 524 PETRI
759 467 1022 525 ERFORDENSIS
1035 467 1125 525 Mon.
1145 469 1180 526 A.
1192 473 1270 527 1309.

192 664 270 718 1809.
280 655 498 730 marchionis,
530 655 621 718 circa
651 653 771 717 villam
801 649 1041 718 Zcimmirn⁸·*
1071 655 1244 737 congressi
1270 675 1397 739 pugna,

279 738 397 818 victil,
422 765 463 808 ex
486 744 535 808 eis
558 743 698 826 plurimi
723 743 959 826 captivantur;
990 763 1058 826 quo
1088 764 1223 808 rumore
1251 765 1398 808 commu·

279 834 371 897 nitas
401 833 561 909 attonita,
593 831 636 897 dc
667 831 807 896 civitate
831 832 959 915 egressi
987 833 1134 896 victores
1157 833 1397 916 insequuntur,

279 943 431 1006 quosque
469 922 623 986 invenire
657 923 819 1004 poterant
857 920 1090 1005 captivabant.
1141 921 1234 986 Hinc
1265 923 1392 1005 igitur⁰

279 1011 537 1095 Erphordenses
565 1014 666 1074 tanta
696 1008 894 1074 calamitate
925 1010 1049 1074 attacti
1072 1029 1135 1074 nec
1158 1012 1316 1075 resistere
1340 1012 1430 1074 ali-s

279 1100 429 1184 qualiter
445 1101 567 1163 amodo
584 1098 851 1182 attemptabant.
891 1098 992 1163 Unde
1009 1099 1160 1163 marchio
1177 1101 1399 1184 expedicione

279 1189 395 1253 valida
419 1189 551 1252 Wimar
574 1188 750 1252 civitatem
774 1186 919 1263 obsedit,
947 1188 1061 1270 ipsum
1092 1188 1252 1252 comitem
1277 1190 1320 1253 ad
1344 1190 1398 1253 de·

174 1301 230 1350 rua.
238 1301 270 1344 se.
280 1279 450 1343 dicionem
486 1276 653 1360 compulit
664 1276 685 1338 ¹.
732 1275 820 1340 Inde
855 1277 946 1340 circa
983 1276 1251 1342 decollacionem
1287 1280 1400 1341 sancti

280 1368 446 1431 Iohannis
463 1366 640 1430 civitatem
656 1360 907 1448 ilrphordiam‘¹
927 1385 1117 1449 aggressus,
1138 1371 1252 1430 castra
1267 1387 1399 1450 ponens

279 1457 317 1518 in
332 1454 417 1520 villa
432 1455 623 1518 Hocheim⁰
643 1474 714 1517 non
737 1453 840 1538 longe
864 1454 908 1518 ab
931 1454 1039 1538 ipsius
1055 1455 1212 1520 menibus
1236 1456 1398 1519 civitatis.
1411 1478 1436 1517 ιο

185 1537 389 1618 sausdndes
408 1543 497 1608 feria
519 1547 625 1618 sexta,
650 1562 716 1626 que
738 1545 846 1607 tunc⁸
865 1543 901 1606 in
923 1542 1044 1626 vigilia
1068 1543 1160 1608 beati
1176 1543 1296 1628 Magni
1312 1547 1397 1621 erat,

279 1635 389 1718 ipsam
413 1633 587 1697 civitatem
620 1651 809 1715 aggressus,
834 1636 927 1696 ortos
957 1634 994 1696 et
1016 1633 1134 1696 domos
1162 1636 1259 1697 extra
1282 1633 1398 1697 civita·

278 1725 350 1787 tem
381 1715 486 1786 sitos¹¹
512 1722 549 1784 in
579 1723 678 1804 parte
708 1741 774 1804 que
797 1721 989 1804 vulgariter
1012 1715 1114 1784 Brul¹
1145 1721 1274 1785 dicitur
1297 1725 1332 1786 et
1357 1741 1398 1786 ex

279 1811 355 1875 aliis
379 1810 535 1896 partibus
558 1810 697 1873 fossatis
727 1813 763 1874 et
793 1810 931 1894 sepibus
954 1810 1055 1874 valde
1082 1804 1268 1886 munitosk,
1292 1815 1398 1875 vento

279 1893 491 1966 vehementi¹
507 1901 704 1982 exurgente,
720 1898 859 1982 ignibus
875 1899 1109 1982 conflagravit.
1134 1899 1276 1962 Tantam
1288 1900 1396 1964 eciam
1409 1919 1434 1958 n

279 1991 434 2054 amencia
450 1992 486 2054 et
501 1987 689 2053 hebitudo¹¹
710 2006 828 2051 omnes
843 1987 1064 2052 civitatenses
1086 1989 1269 2063 invaserat,
1293 1989 1395 2071 quod,

278 2079 365 2141 nisi⁰
386 2079 503 2142 divina
525 2076 713 2142 clemencia
736 2076 960 2152 subvenisset,
984 2077 1093 2160 ipsam
1110 2078 1285 2142 civitatem
1312 2077 1398 2161 peri·

279 2166 449 2231 culosiusl'
477 2166 693 2249 affligissetl.
739 2165 888 2229 Tantum
920 2185 1001 2249 ergo
1028 2165 1218 2249 periculum
1251 2165 1397 2250 Erphor·

279 2258 400 2320 denses
434 2255 587 2339 experti¹
620 2256 742 2338 postea
775 2275 890 2318 muros
924 2274 1003 2318 suos
1036 2255 1152 2318 tucius
1186 2255 1396 2324 munierunt,

278 2349 350 2408 tam
375 2343 590 2408 Christianos
613 2364 716 2426 quam
740 2343 867 2408 Iudeos
889 2344 927 2406 in
949 2343 1122 2407 turribus⁸
1147 2347 1183 2408 et
1206 2363 1434 2428 propugnare

280 2433 366 2498 culis
400 2432 620 2497 collocantes.
671 2432 835 2515 Sequenti
870 2429 997 2496 eciam²
1036 2433 1217 2509 dominica,
1251 2432 1393 2516 vigiliau

182 2545 238 2594 sar.
249 2521 441 2586 avidelicet
464 2521 659 2584 nativitatis
678 2521 799 2585 beatev
818 2521 970 2604 virginis,
996 2542 1074 2586 cum
1090 2522 1230 2604 quidam
1246 2522 1289 2586 de
1305 2541 1396 2586 exer-

280 2612 352 2675 citu
380 2611 505 2674 iterum
542 2610 719 2674 civitatem
753 2611 1033 2693 aggrederentur,
1064 2610 1191 2674 similia
1224 2611 1396 2694 prioribus

279 2702 562 2783 attemptantesw,
587 2699 806 2762 civitatenses
829 2699 977 2762 viriliter
1000 2702 1271 2783 prorumpentes,
1298 2699 1397 2764 balis-

279 2788 325 2852 tis
349 2791 384 2852 et
408 2788 531 2852 ceteris
554 2787 737 2871 generibus
767 2788 1003 2851 machinarum
1028 2789 1193 2871 quosdam
1216 2787 1433 2852 vulneran-as

278 2880 340 2952 tes,
365 2877 531 2960 quosdam
554 2876 750 2941 occidentes
774 2878 811 2940 et
829 2877 991 2959 precipue
1007 2897 1111 2959 equos
1134 2876 1190 2940 vel
1206 2877 1396 2941 dextrarios

278 2966 494 3050 impetentes,
533 2985 590 3030 eos
628 2964 775 3029 viriliter
812 2965 1024 3049 repulerunt.
1080 2965 1205 3030 Postea
1242 2965 1396 3029 marchio

279 3056 394 3120 omnia
415 3056 534 3119 vineta
557 3055 800 3137 circumposita
822 3054 953 3118 succidi
975 3054 1070 3131 iecit,
1096 3055 1246 3138 dampna
1268 3053 1396 3137 qualia·

397 3261 424 3330 *)
444 3264 477 3318 Ε.
496 3263 531 3313 Μ
546 3262 625 3316 odd:
650 3255 683 3311 in
706 3254 866 3311 montanis
889 3255 982 3311 sitam
994 3249 1015 3312 ².

278 3439 300 3492 a)
314 3441 439 3480 chmmern
452 3441 479 3483 E.
533 3439 556 3487 b)
569 3440 600 3479 sic
613 3435 672 3482 2¹·b,
686 3439 712 3481 Ε.
726 3439 755 3480 Μ.
770 3439 796 3480 R.
815 3438 843 3486 V,·
857 3449 897 3480 ont.
912 3439 931 3480 1.
985 3441 1006 3485 c)
1019 3439 1050 3476 sic
1064 3440 1082 3480 1.
1096 3439 1122 3482 Ε,
1137 3439 1166 3482 Μ.
1180 3439 1212 3488 Β,-
1231 3450 1285 3490 ergo
1299 3437 1358 3482 ΞΜ).
1372 3439 1395 3478 V.
1407 3445 1434 3484 uo

279 3493 302 3544 d)
316 3505 376 3544 aggr.
390 3491 580 3544 Erphordlsurem
594 3491 653 3536 Μ,
721 3495 742 3540 e)
755 3491 870 3542 Hochaym
883 3491 916 3538 E,-
937 3491 1060 3532 Hochhelm
1075 3491 1107 3534 2¹².
1170 3492 1232 3542 nale
1246 3494 1265 3535 1.
1278 3493 1304 3536 E.
1319 3493 1349 3536 Η,
1363 3493 1397 3540 R,-

278 3547 367 3588 Dclnde
382 3547 438 3588 2¹¹³.
450 3547 472 3590 V.
513 3545 749 3596 wandersala
763 3545 830 3587 ml.
871 3545 894 3593 h)
907 3546 938 3583 alc
953 3547 971 3588 1.
980 3545 1012 3588 2⁸.
1021 3545 1089 3592 E.R,·
1103 3546 1157 3585 ritas
1170 3546 1274 3589 QUI.
1316 3547 1332 3593 l)
1346 3535 1397 3586 brlll

278 3601 310 3646 Ε,-
324 3601 390 3641 Bruel
405 3601 436 3640 Μ.
498 3600 522 3651 k)
535 3601 566 3639 alc
579 3601 598 3644 1.
612 3601 643 3642 2¹.
657 3599 683 3642 Ε.
697 3599 727 3640 Μ.
740 3599 767 3641 Β.
785 3599 815 3644 7,·
835 3599 931 3638 munitas
944 3596 979 3638 tl.
1046 3600 1063 3647 l)
1076 3599 1107 3638 etr
1121 3601 1139 3641 1.
1154 3599 1183 3641 ll.
1202 3599 1230 3648 7,·
1251 3600 1314 3638 venti
1329 3601 1396 3639 vohe-

278 3656 364 3694 merula
376 3654 408 3704 Ε,-
422 3665 463 3696 om,
477 3652 536 3695 Μ.
591 3653 620 3704 ιιι)
635 3655 708 3693 rents
721 3673 748 3682 ·-
763 3648 822 3700 quod
837 3663 880 3690 om.
894 3651 919 3693 Ε.
935 3651 964 3691 Μ.
1017 3650 1041 3702 n)
1054 3652 1085 3690 stc
1098 3653 1131 3692 2⁸.
1147 3653 1181 3700 Β,-
1200 3651 1313 3692 hebetudo
1328 3655 1346 3695 1.
1360 3651 1395 3692 ab,

278 3706 301 3757 ο)
315 3708 374 3748 enlm
389 3707 440 3749 add.
453 3707 480 3750 Ε,
533 3709 556 3756 p)
569 3707 600 3746 sic
613 3705 672 3748 pau,
686 3705 711 3746 Ε.
726 3705 755 3748 Μ.
769 3705 796 3748 R.
814 3705 843 3752 7,·
863 3705 987 3754 periculose
1002 3707 1020 3746 1.
1080 3704 1103 3754 q)
1116 3706 1147 3744 eir
1161 3705 1186 3747 Ε.
1201 3706 1230 3750 Μ,
1245 3707 1271 3748 B.
1290 3705 1318 3754 Υ,-
1339 3707 1433 3751 aldi-sa

278 3762 348 3800 xlsset
362 3763 380 3802 1.
393 3759 452 3802 Μ.
519 3759 539 3811 r)
553 3765 646 3809 experte
659 3759 691 3807 E,-
706 3763 798 3807 experto
813 3758 842 3800 Ε.
909 3759 989 3806 s)1ud.
1004 3757 1165 3798 stduorin
1181 3760 1325 3807 quolibet
1340 3755 1396 3800 birri

279 3819 303 3854 et
316 3814 497 3864 propungnaculo
511 3813 560 3855 coll.
574 3813 608 3860 Ε)
629 3813 687 3863 lud,
709 3810 783 3850 duos
804 3809 965 3851 videlicet
985 3811 1189 3852 christiano·
1211 3819 1240 3852 et
1257 3811 1332 3852 duos
1347 3813 1395 3853 Iu·

278 3868 372 3907 dacor
386 3869 409 3907 ln
424 3867 572 3916 quallbet
586 3867 644 3906 trlbu
659 3873 682 3906 er
695 3865 861 3915 propugnaculo
876 3864 926 3906 coll.
942 3865 972 3906 Μ.
1035 3866 1052 3914 t)
1067 3875 1108 3908 om.
1124 3865 1150 3908 Ε.
1164 3865 1193 3908 ML
1255 3865 1278 3917 u)
1292 3864 1339 3909 vld.
1353 3867 1396 3916 vlg.

278 3920 304 3964 Ε.
319 3920 348 3963 Μ.
402 3923 425 3968 v)
440 3920 510 3960 llario
522 3921 572 3962 cdd.
586 3921 607 3958 E
620 3921 665 3972 (uu
679 3919 699 3962 b.
714 3920 743 3958 M.
759 3920 817 3968 virg.
832 3921 894 3966 nau).
909 3918 939 3960 Μ.
953 3919 979 3961 Β.
1033 3920 1063 3968 w)
1077 3923 1218 3968 acceptantes
1234 3919 1258 3961 E.
1273 3920 1303 3962 Μ,

281 4098 307 4167 1)
335 4097 376 4163 Of.
402 4098 475 4150 Ana.
499 4097 679 4150 Vetere-Call.
704 4097 742 4150 ed.
764 4095 828 4163 Opel
848 4112 878 4162 p.
898 4098 1000 4162 217aq.
1038 4094 1096 4147 Hoc
1121 4111 1176 4148 noa
1200 4101 1261 4149 ante
1284 4112 1433 4154 numanae

279 4170 350 4234 Aug.
363 4169 465 4232 factum
477 4184 530 4220 esse
547 4175 668 4236 apparet,
686 4182 746 4219 cum
758 4166 932 4218 nmmum
944 4181 1026 4219 comcs
1037 4168 1066 4217 in
1078 4170 1162 4218 cana
1176 4170 1249 4234 repis
1260 4173 1284 4218 rt
1296 4167 1399 4234 Erfur-

279 4241 401 4292 deneium
412 4240 438 4293 d.
448 4240 474 4294 d.
487 4239 539 4292 Iul.
551 4241 592 4295 18.
606 4244 629 4292 et
641 4241 713 4305 Aac.
724 4242 748 4303 1,
761 4237 841 4300 uafro
849 4253 879 4304 p.
889 4239 951 4302 339,
964 4254 990 4291 n.
1000 4241 1026 4292 2.
1041 4238 1167 4304 auaro,
1185 4239 1295 4291 adiutor
1307 4255 1396 4292 mm

278 4311 393 4364 dautur.
472 4311 500 4380 2)
519 4311 778 4377 Zimaram-supra,
803 4313 833 4359 ut
857 4309 969 4374 uidetur,
995 4323 1054 4359 cum
1079 4325 1112 4362 aa·
1135 4313 1294 4362 uenatione
1317 4311 1398 4373 iufra

279 4382 432 4450 appendice
450 4381 505 4434 loco
525 4390 581 4445 (nr.
594 4382 650 4446 IV)
675 4381 747 4433 edita
766 4385 861 4446 pateat
877 4379 947 4431 boae
964 4379 1055 4431 villam
1072 4381 1144 4433 inter
1161 4381 1239 4433 urbes
1251 4381 1356 4446 Erfurl
1374 4387 1396 4434 d

280 4453 368 4507 Gotho
385 4455 466 4506 amm
483 4452 576 4517 fuisse.
1405 4469 1432 4509 su
