3162 5022
289 487 459 546 csomcs
471 487 499 544 S.
507 485 625 543 PETRI
637 487 900 544 nssoannuffis
913 487 1003 544 Mon.
1022 487 1058 545 A.
1070 491 1147 547 1208.
1230 493 1283 547 205

268 672 469 739 mecvm.
515 672 697 756 Philippus
721 693 789 748 rex,
813 675 854 735 ut
877 692 912 736 se
936 671 1134 737 defensaret
1163 673 1207 737 ab
1232 693 1280 751 ec,
1294 678 1371 732 1208.

162 763 223 846 qui
244 763 343 846 regni
359 762 548 826 divorcium
572 760 789 839 moliebatur,
814 761 962 825 iterum*
982 761 1176 826 coadunato
1193 782 1283 827 exer·

162 851 236 916 citu
257 852 354 936 regie
377 850 636 934 magnificencie
659 850 696 913 in
720 850 926 934 Babcnberg
956 850 1112 914 consedit
1142 854 1178 915 et
1201 851 1282 915 deli·

161 933 375 1007 baracionisb
411 940 604 1023 principum
639 938 869 1022 colloquium⁰
904 939 999 1016 iniit;
1031 933 1173 1003 habita‘¹
1207 960 1283 1004 con-

20 1051 21 1056 *
131 1031 289 1110 ceordic,
313 1029 489 1114 paulisper
512 1047 572 1093 sue
596 1031 818 1113 prospectans
841 1027 960 1111 quieti,
984 1028 1194 1112 sanguinem
1224 1030 1283 1092 mi·

163 1121 250 1184 nuit.
298 1119 367 1184 Sed
391 1117 496 1183 cheul
532 1117 616 1180 dum
637 1117 791 1182 intendit
819 1117 1076 1201 tranquillitati,
1102 1117 1283 1182 detrimen·

162 1211 236 1272 tum
260 1208 416 1272 succedit
445 1205 656 1291 reipublice
686 1209 723 1270 et
746 1227 807 1290 pro
831 1206 968 1270 deum⁰l
1003 1206 1099 1270 fraus
1129 1206 1284 1270 infausta

163 1317 222 1362 sne
245 1297 431 1362 maiestati.
476 1295 567 1359 Nam
597 1294 772 1380 palatinus
799 1315 915 1382 ¹comcs
944 1293 1027 1361 Otto
1059 1296 1101 1360 de
1125 1295 1283 1360 Witeles·

163 1379 272 1451 bach‘
292 1384 465 1450 diabolica
487 1385 628 1448 lascivia
651 1385 748 1468 quasi
770 1384 916 1449 iocando
940 1405 975 1449 se
999 1405 1077 1448 cum
1101 1385 1283 1468 evaginato

129 1475 278 1559 rogladio
309 1475 413 1558 regn'is
443 1473 623 1538 obtutibus
652 1473 853 1556 frequenter
881 1473 1035 1557 ingessit,
1060 1494 1128 1556 qua
1150 1473 1283 1537 fraudis

165 1563 387 1628 simulacione
410 1566 482 1626 tam
506 1561 597 1646 regis
619 1561 731 1625 illusit
754 1562 947 1626 sollerciam
963 1583 1065 1646 quam
1089 1563 1283 1646 principum

165 1653 410 1718 curiositatem.
456 1651 548 1714 Dum
581 1670 661 1734 ergo
691 1671 751 1715 rex
779 1651 817 1715 in
844 1656 928 1715 sua⁸
953 1651 1109 1716 conclavi
1132 1652 1283 1716 dedisset

166 1762 303 1826 operam
319 1741 437 1824 quieti,
462 1740 618 1824 prefatus
635 1739 810 1824 palatinus
832 1740 925 1804 fores
948 1739 1152 1824 propulsans
1170 1741 1283 1824 regias

165 1832 253 1915 regis
276 1833 367 1894 nutu
389 1829 651 1905 intromittitur3
680 1828 856 1912 nichilque
880 1829 1010 1892 sinistri
1040 1829 1217 1913 suspicans
1241 1829 1283 1894 de

132 1923 257 1984 vertetu
282 1918 451 1984 exercitus
474 1917 637 2001 loquitur,
661 1917 722 1982 sed
745 1916 867 2003 plenus
889 1917 950 1982 illc
971 1917 1119 1994 diabolo,
1144 1939 1282 1982 suarum

164 2029 277 2074 rerum
307 2027 483 2093 opponens
514 2007 746 2089 direpcionem
776 2007 859 2091 regi,
890 2028 910 2069 a
933 2006 1131 2071 Teutonicis
1159 2006 1283 2071 seculis

165 2097 274 2162 scelus
297 2097 494 2162 inauditum
518 2097 714 2179 exequitur:
745 2115 860 2178 regem
885 2095 976 2160 lecto
999 2095 1167 2178 siquidem
1191 2115 1283 2160 recu·

165 2187 304 2251 bantem
328 2185 505 2250 mortifere
528 2184 688 2249 vulnerat
709 2185 746 2247 in
769 2187 921 2268 gutture.
967 2183 1049 2249 Heu
1072 2204 1143 2248 sors
1165 2184 1281 2268 impia,

165 2295 254 2339 mors
277 2274 467 2358 inprovisa!
503 2296 523 2338 0
546 2273 642 2337 fraus
666 2273 866 2357 perniciosa,
891 2272 1045 2337 fidelium
1073 2273 1282 2358 singultibus

132 2355 383 2449 aparenniterh
403 2361 623 2428 detestanda!
661 2359 753 2440 Quid
776 2361 901 2447 plura'?
935 2362 1097 2427 Tenellus
1119 2361 1179 2427 ille
1196 2361 1282 2445 ligni
1292 2382 1312 2420 2.
1320 2381 1373 2432 ra.
1381 2382 1445 2432 aas.

164 2452 380 2527 vermiculus,
404 2451 457 2516 vir
486 2452 523 2515 iu
554 2451 687 2516 cunctis
717 2471 753 2515 se
783 2471 944 2536 prospere
974 2471 1088 2536 agens,
1120 2451 1280 2530 affabilis,

165 2541 286 2618 audax,
312 2541 479 2619 amabilis,
504 2561 566 2605 suo
596 2541 770 2623 sangvine
800 2541 999 2616 suffocatur,
1023 2540 1151 2624 illeque
1182 2540 1284 2606 scele-

165 2635 237 2694 stus
253 2631 370 2696 exiens
393 2633 522 2694 reserat
546 2629 735 2694 conclavim
759 2633 794 2693 et
817 2622 971 2712 arrepta¹
996 2628 1095 2714 *fuga
1117 2630 1284 2715 profugus
1297 2649 1390 2695 ‘aaa

164 2719 291 2803 ubique
314 2719 416 2784 rebus
440 2721 476 2783 et
499 2717 757 2803 principalitate
781 2716 1011 2783 eliminatur1.
1049 2718 1209 2783 Mortuus
1233 2723 1285 2783 est

131 2812 281 2874 sautem
304 2829 364 2872 rex
386 2807 569 2892 Philippus
591 2806 656 2870 XI.
680 2805 760 2870 Kal.
785 2806 878 2870 Iulii.
924 2801 1030 2872 Postk
1054 2807 1184 2872 festum
1207 2827 1390 2892 apo-rusa.

166 2897 331 2962 stolorum
355 2897 451 2962 Petri
475 2900 509 2962 ct
532 2894 633 2960 Pauli
663 2895 824 2978 generale
855 2895 1038 2960 concilium
1062 2896 1280 2961 orientalium
1293 2920 1384 2962 nasa

166 2986 359 3071 principum
389 2986 432 3051 de
463 2988 558 3050 statu
584 2985 682 3068 regni
705 2984 863 3049 habitum
887 2985 999 3049 estin
1022 2977 1283 3050 Alcenburehl.

167 3074 343 3160 ancldus
357 3073 621 3139 Wormaoiensis
645 3073 825 3158 episcopus
848 3075 884 3138 et
904 3073 1129 3156 Mogontinus
1153 3074 1283 3138 electus

167 3183 304 3228 causam
327 3183 425 3228 susm
448 3164 669 3227 ordinaturus
692 3162 837 3226 Romam
860 3162 1097 3247 proficiscitur.
1134 3162 1202 3226 Sed
1218 3181 1283 3226 me-

133 3251 223 3316 adio
244 3255 401 3337 tempore
423 3252 559 3338 gladius
575 3251 767 3315 Salomonis
783 3251 1002 3316 meretricum
1018 3251 1283 3316 controversiam
1292 3239 1397 3336 “sfflp‘f'·

76 3341 322 3413 ¹assuescernit.
367 3341 459 3406 Nam
482 3339 674 3425 Sigeiridus
698 3339 741 3404 ab
765 3339 954 3425 apostolico
978 3340 1199 3404 confirmatus
1222 3337 1284 3404 *re-

167 3430 333 3514 greditur,
364 3429 546 3514 Mogoncis
576 3429 762 3512 suscipitur
792 3432 836 3506 et,
868 3433 909 3492 ut
939 3432 992 3494 est
1014 3429 1067 3492 vir
1096 3426 1284 3512 probabilis

167 3518 356 3602 religdonis,
393 3519 496 3602 pleno
531 3518 846 3602 archiepiscopatus
881 3517 1033 3582 dominio
1067 3518 1284 3602 subrogatur.

168 3605 210 3670 In
232 3607 323 3672 festo
346 3608 458 3672 sancti
481 3607 642 3672 Mauricii
664 3607 836 3690 principes
864 3607 977 3671 denuo
1005 3606 1173 3670 habentes
1204 3604 1393 3680 deli-sarrs.

135 3695 357 3762 uberacionis
381 3697 565 3762 concilium
588 3697 733 3780 quoadm
748 3695 846 3780 regni
868 3698 999 3759 statum
1022 3696 1186 3760 Amstetc
1209 3715 1284 3759 con·

168 3904 393 3954 amma-irem
407 3906 426 3946 1.
480 3905 584 3952 bnans·
599 3903 836 3951 add.ilcsckstclro,·
855 3903 960 3950 eniam
978 3904 993 3944 l.
1008 3904 1042 3944 tt.
1097 3905 1205 3952 cmm
1220 3915 1285 3944 manu

168 3968 272 4007 warner.
282 3960 302 4000 1.
342 3957 366 4008 d)
379 3959 453 3998 cadem
467 3969 534 3996 mauu
547 3957 766 4008 supercommune
780 3957 803 4008 ¹3
819 3957 994 4005 seminandum
1008 3957 1129 4002 cranous.
1173 3957 1195 4008 e)
1208 3959 1286 3997 dusius

169 4012 289 4060 mendam
304 4017 355 4061 port
364 4011 438 4061 deum,
448 4013 521 4050 eadm
532 4022 597 4050 manu
606 4021 713 4060 supcrsrr.
721 4007 767 4049 d’m
778 4013 796 4052 1.
837 4009 1012 4060 owlwls‘bsch,
1022 4011 1095 4050 eccm
1105 4023 1172 4050 manu
1180 4022 1286 4060 superm.

168 4064 345 4107 ululatatus.
394 4065 418 4116 g)
431 4065 495 4114 olen
515 4066 563 4104 crdo
576 4065 638 4112 lurra
652 4065 666 4106 ἱ,
680 4065 714 4104 28.
729 4063 860 4104 conclavim.
909 4063 933 4112 h)
947 4066 1085 4114 peremnltcr
1099 4067 1117 4109 1.
1166 4067 1182 4114 l)
1195 4065 1286 4115 arrepta

135 4127 160 4165 ω
169 4117 244 4168 lugam
258 4119 277 4160 1.
334 4116 358 4166 h)
372 4117 421 4158 lulli
435 4123 485 4168 poss
499 4147 522 4160 ..
537 4149 543 4160 .
556 4117 629 4160 Pauli.
649 4117 762 4159 Gancrslo
776 4117 959 4166 marchelmus
974 4121 993 4157 l.
1015 4119 1075 4167 Quod
1089 4120 1184 4158 conscit
1194 4119 1285 4158 wraca-

169 4181 242 4220 manu,
257 4171 314 4210 ‘ouo
323 4169 374 4210 rvr
385 4184 410 4221 ρ.
421 4173 467 4221 ros,
482 4183 504 4210 n.
515 4175 534 4210 1.
588 4171 604 4222 1)
618 4175 652 4212 su
665 4161 807 4212 mutuarer
823 4171 843 4220 1,
858 4180 899 4220 quo
913 4172 1032 4211 masaa
1047 4183 1061 4210 a
1076 4173 1224 4212 arceamus„
1238 4173 1255 4212 ι.
1269 4172 1284 4210 ι.

164 4225 281 4273 proposita
295 4235 347 4263 ocra
360 4227 459 4276 meaque
467 4225 585 4276 probatur.
639 4223 670 4276 m)
684 4225 806 4272 mendam
820 4234 846 4263 eo
860 4224 889 4263 ad
902 4223 938 4276 (sc
951 4223 1032 4274 cosdl)
1046 4228 1064 4270 1.

170 4407 266 4454 marato
286 4417 311 4458 a.
326 4404 404 4458 1206.
427 4409 486 4471 post
507 4403 641 4471 proclam
659 4401 897 4468 Wcssenherpcnec.
935 4404 979 4468 Os.
998 4403 1187 4455 Winkrlmcan
1213 4403 1230 4457 l.
1251 4401 1286 4462 l.,·

176 4471 241 4524 Will
256 4472 273 4530 l.
288 4473 305 4528 l.
325 4473 364 4541 II,
380 4477 484 4542 p.135,
502 4491 547 4527 nr.
560 4476 604 4530 76.
659 4475 685 4542 l)
703 4473 746 4537 Cf.
762 4473 959 4540 Ws'akslmcnn,
977 4475 1111 4543 ‘Philspp'
1125 4491 1155 4541 p.
1169 4475 1285 4541 sesac.
