3206 4996
474 1304 770 1392 ORONIOAE
800 1305 1216 1391 ERFORDENSES

583 1509 1091 1595 ENGELHUSIANAE.

388 1753 436 1834 Jrc
465 1767 624 1834 codicibus
648 1767 774 1849 Speos&
802 1769 850 1832 cel
880 1767 1042 1850 Imopircic
1070 1767 1184 1833 munbi
1210 1769 1409 1835 Theoderici

281 1856 474 1939 Eoycllcusic'
495 1859 578 1922 duce
599 1856 807 1920 inoculantur
828 1855 982 1922 &boicae
1000 1856 1215 1936 Erforclcrcsec
1232 1857 1407 1939 proximae

281 1946 344 2012 cibi
366 1967 404 2011 oc
426 1945 619 2010 cimillimoe.
1415 1997 1431 2036 5

441 2032 475 2116 I)
504 2035 566 2114 Eo,
590 2053 686 2114 quom
708 2053 839 2097 commo
862 2034 893 2097 Ι.
918 2033 1054 2116 apocri,
1078 2039 1181 2098 exstat
1202 2033 1239 2098 iu

392 2121 420 2204 1)
453 2122 556 2187 coclice
588 2120 790 2186 bibliothecae
827 2120 934 2202 repioe
965 2121 1233 2202 Dresclensic,
1273 2122 1400 2204 myrteto

282 2211 307 2276 I
316 2217 368 2292 47,
399 2213 635 2275 membranaceo
665 2209 732 2290 fol,
761 2208 913 2288 foliorum
941 2209 979 2274 irc
1008 2209 1101 2274 birros
1130 2209 1292 2274 columnas
1322 2210 1403 2274 dioi-

281 2320 388 2364 sorum
412 2305 463 2379 88,
494 2318 626 2378 quorum
655 2304 826 2362 eclremom
847 2318 981 2362 vacuom
1003 2304 1065 2378 est,
1093 2297 1149 2378 qui
1175 2300 1403 2379 quodammodo

282 2387 360 2451 liber
388 2387 575 2467 archetypus
596 2385 788 2466 Eopelbosii
818 2385 969 2451 dicendos
997 2391 1050 2466 cst,
1082 2407 1152 2451 curo
1181 2407 1247 2450 nou
1275 2385 1402 2468 quidem
1414 2441 1423 2476 ,

280 2473 382 2556 ipsias
397 2495 505 2554 mono,
530 2475 586 2538 secl
599 2474 664 2553 boc,
689 2473 744 2555 qui
766 2494 799 2538 cc
814 2473 893 2538 dicit
907 2474 1097 2538 collectorem
1120 2473 1205 2554 libri,
1230 2475 1400 2540 ordinante

281 2569 311 2626 et
332 2568 462 2626 curante
485 2584 507 2626 o
529 2563 666 2642 quodam
688 2562 734 2626 H.
765 2562 917 2642 scriptore
939 2582 1025 2626 onoc
1047 2567 1141 2625 1423.
1167 2562 1303 2643 scriptm
1326 2563 1399 2627 sil1.

281 2649 327 2714 Iu
343 2649 452 2731 primo
474 2650 553 2729 folio
575 2670 673 2714 vocuo
696 2650 803 2714 relicto
825 2671 924 2714 mauu
954 2671 1034 2714 socc.
1053 2650 1133 2714 XV.
1157 2649 1309 2731 scriplum
1338 2658 1401 2716 est:

282 2738 427 2802 IXIII.
459 2740 610 2823 pertinet
644 2740 710 2802 iste
745 2738 833 2802 liber
871 2739 914 2802 ed
950 2738 1127 2803 librariam
1161 2740 1399 2804 universitatis

282 2823 530 2910 Erfflordensis]
549 2828 640 2911 apud
659 2827 823 2891 Sanctum
837 2826 1042 2892 Michaelem
1053 2828 1075 2888 ².
1107 2826 1200 2891 Inter
1211 2827 1400 2909 oppurdices
1411 2879 1439 2918 ιδ

1425 2439 1441 2477 0

283 3053 308 3120 1)
326 3053 358 3108 F.
372 3051 438 3108 69¹³.
458 3053 501 3105 bic
517 3053 635 3120 epilogus
654 3052 751 3119 legitur
763 3053 869 3120 Spoculi
885 3054 996 3105 mundi:
1008 3053 1181 3106 Venerabilis
1199 3051 1276 3106 Beda
1294 3053 1323 3104 in
1335 3069 1399 3121 prc-

281 3125 345 3191 logo
371 3123 476 3177 scilicet
494 3121 610 3176 Grcnice
635 3122 670 3175 de
688 3122 771 3192 gestis
788 3123 965 3192 Angelorum
989 3123 1062 3177 inter
1080 3127 1172 3177 cetera
1190 3123 1271 3176 dicit:
1290 3122 1399 3176 ‘Lecto-

280 3211 338 3247 rem
358 3193 518 3262 suppliciter
536 3193 658 3261 obsecr0,
677 3197 716 3262 ut,
735 3193 758 3245 si
775 3209 830 3260 quc
848 3193 876 3245 in
894 3194 946 3246 hiis
965 3223 998 3233 -
1013 3225 1043 3233 -
1064 3193 1151 3246 literis
1168 3193 1314 3261 mandare;
1334 3210 1397 3262 pre·

281 3269 356 3317 teres
381 3281 484 3328 omncs,
508 3263 543 3316 ad
569 3279 636 3332 quos
661 3263 713 3317 bec
737 3262 850 3316 historia
875 3264 1039 3331 pervenerit,
1064 3264 1223 3332 suppliciter
1243 3281 1350 3332 precor,
1368 3269 1398 3316 ut

280 3350 331 3402 pro
343 3334 411 3387 meis
424 3333 629 3387 infirmititibus
638 3333 740 3396 (anime
752 3337 782 3385 in
794 3349 882 3400 morp.
894 3336 992 3404 suppl.)
1000 3337 1028 3388 et
1037 3335 1158 3404 corporis
1168 3334 1241 3403 apud
1253 3351 1398 3403 supernam
1408 3373 1438 3412 ω

281 3404 454 3458 clementiam
467 3404 557 3472 sepius
571 3403 737 3458 intervenire
749 3403 940 3460 meminerint'.
965 3403 1027 3458 Hec
1037 3405 1096 3460 iste.
1122 3403 1160 3458 Et
1170 3421 1220 3458 nos
1237 3405 1354 3474 emplius
1366 3405 1398 3461 T.

281 3480 309 3528 et
327 3475 374 3542 H,
400 3475 532 3528 collector
556 3479 584 3528 et
608 3475 733 3542 scriptor,
759 3475 832 3527 idem
858 3479 1026 3543 exoptemus,
1046 3479 1074 3528 et
1092 3475 1114 3528 si
1131 3476 1208 3528 iuxta
1226 3475 1398 3544 quorundum

281 3546 437 3614 opinionem
456 3545 574 3598 muudus
592 3545 645 3598 iste
662 3544 779 3613 prescise
797 3545 935 3614 legionem
947 3546 1099 3615 cnlnorum]
1118 3545 1243 3614 inplebit,
1262 3545 1336 3614 quod
1348 3547 1398 3599 soli

280 3617 339 3670 Dec
366 3622 463 3669 notum
490 3620 539 3682 est,
563 3615 705 3669 restabant
729 3615 885 3683 pancissimi
910 3616 982 3682 nuni,
1007 3619 1039 3668 ut
1062 3621 1140 3684 petet
1157 3617 1235 3668 iuxta
1252 3633 1397 3670 numerum

280 3687 411 3740 maiorem
440 3703 523 3754 supra
550 3686 695 3754 scriptum:
727 3702 798 3738 nuno
829 3686 903 3739 enim
930 3687 1042 3739 Domini
1070 3690 1148 3742 1423.
1178 3691 1238 3740 erat
1266 3703 1434 3765 numerus„

279 3774 394 3826 magnus
406 3759 486 3824 6622,
504 3757 603 3825 quibus
621 3757 643 3810 si
661 3755 800 3810 adduntur
810 3760 855 3820 44,
874 3756 926 3809 erit
938 3757 1009 3826 legio
1028 3756 1161 3825 predicte,
1179 3757 1308 3810 videlieet
1319 3761 1398 3814 6666.

279 3833 308 3894 2)
325 3829 428 3880 Ibidem
449 3831 597 3895 postcm'orc
614 3843 698 3880 mono
722 3845 786 3882 saec.
805 3827 868 3881 XV.
894 3831 1023 3896 scriptum
1047 3835 1100 3880 est:
1128 3827 1264 3882 Presentis
1290 3828 1398 3882 cronice

280 3899 456 3968 Eugelhusen
473 3897 604 3967 prologus
623 3903 663 3951 est
681 3901 805 3965 sumptus
824 3897 859 3950 de
877 3896 995 3965 Speculo
1013 3897 1162 3966 hystoriali,
1182 3903 1210 3951 ct
1227 3897 1292 3951 inde
1310 3897 1398 3952 eciem

280 3970 369 4022 multa
392 3969 473 4022 huius
497 3969 607 4021 cronice
631 3968 764 4021 collector
787 3967 900 4035 recepit,
926 3970 954 4021 et
978 3969 1132 4037 conpiletcr
1156 3967 1214 4021 sinc
1236 3968 1320 4022 dubio
1345 3969 1398 4022 fuit

279 4039 451 4108 supradictus
468 4039 599 4108 magister
617 4037 803 4092 Theodericus
821 4037 856 4090 de
868 4037 1053 4106 Elngclhusen,
1073 4039 1201 4107 quivixit
1218 4038 1308 4092 adhuc
1326 4055 1396 4092 anno

280 4110 391 4162 Domini
417 4113 494 4166 1440.
524 4114 552 4163 et
579 4110 726 4178 complevit
753 4109 824 4162 benc
852 4107 989 4161 cronicam
1014 4125 1086 4161 enno
1109 4111 1187 4174 1423,
1212 4113 1244 4161 ut
1267 4113 1345 4178 patet
1369 4109 1397 4164 in

280 4181 415 4247 particule
439 4178 516 4232 finali
540 4181 620 4233 huius
645 4179 715 4234 libri.
757 4180 826 4231 Tum
843 4183 964 4246 aequior
981 4195 1065 4231 mono
1088 4183 1177 4232 nostri
1197 4183 1297 4234 saccali
1313 4183 1398 4248 scrip-

279 4258 352 4302 tam:
378 4249 471 4303 (lodex
498 4267 513 4302 e
537 4250 673 4304 tabulario
699 4249 788 4320 Regio
813 4251 986 4316 (Drecclersci)
1009 4250 1037 4302 in
1063 4249 1260 4303 Bibliotheccm
1279 4249 1396 4319 Regiam

280 4320 387 4372 delatus
405 4337 441 4375 m.
461 4318 520 4374 Oct.
546 4337 569 4375 c.
590 4323 668 4376 1832.
706 4323 747 4385 Cf.
767 4321 890 4372 ‘Archiv'
910 4321 955 4386 Vl,
976 4337 1006 4388 p.
1025 4323 1079 4375 224
1096 4337 1144 4387 sq,
1169 4322 1217 4372 abs·
1240 4324 1271 4372 ln
1287 4321 1396 4373 archivo

1405 4080 1435 4120 66
