3188 4990
375 446 543 502 0RON10A
555 447 583 505 S.
593 446 709 503 PETRI
721 446 984 504 ERFORDENSIS
995 447 1091 527 Mon,
1106 448 1140 504 A.
1153 450 1229 505 1307.
1314 448 1365 502 331

251 632 398 716 ringiam
412 631 553 696 veniens
578 631 688 694 multa
709 630 949 715 depopulatur,
974 632 1149 715 multaque
1172 631 1454 715 placitaoio-1307.

252 741 311 786 nes
345 739 407 805 per
440 720 662 804 interpositas
697 741 859 804 personas
892 721 984 787 inter
1018 741 1054 785 se
1089 723 1124 785 et
1155 719 1366 784 Fridericum

252 809 419 874 seniorem
450 809 558 873 filium
589 808 776 893 lantgravii
805 807 993 894 Thuringie
1027 813 1167 894 propter
1202 809 1365 893 captivos,

251 919 335 981 quos
364 899 401 961 in
432 897 523 962 helio
554 902 703 982 ceperat,
728 898 955 976 habebantur,
980 898 1040 964 sed
1068 917 1163 963 casso
1188 898 1365 962 conamine

229 985 358 1052 snichil
382 987 520 1071 penitus
544 986 727 1052 diffinitur.

356 1075 487 1140 Eodem
510 1078 665 1159 tempore
682 1075 840 1140 dominus
856 1076 980 1142 Petrus
1004 1076 1280 1160 archiepiscopus
1296 1075 1365 1138 Mo·

250 1165 423 1248 gentinus,
448 1165 506 1247 qui
531 1185 609 1228 enm
631 1185 713 1248 rege
735 1165 772 1227 in
796 1165 1018 1249 expedicione
1048 1169 1131 1240 erat,
1157 1164 1287 1248 primoi
1313 1185 1365 1228 ve-

250 1253 347 1318 niens
377 1253 607 1338 Erphordiam
637 1274 658 1317 a
687 1252 778 1318 clero
808 1258 844 1319 et
874 1254 1002 1338 populo
1033 1255 1184 1319 eiusdem
1216 1252 1366 1316 civitatis

250 1363 328 1406 curn
358 1342 518 1407 crucibus
546 1345 581 1406 et
603 1342 738 1407 vexillis
768 1343 954 1408 honorifice
985 1343 1171 1427 suscipitur
1193 1342 1229 1405 in
1253 1362 1365 1404 mona·

215 1431 355 1498 asterio
385 1424 506 1496 beateb
541 1432 692 1515 virginis.
740 1431 826 1497 Inde
860 1433 897 1495 in
931 1433 1086 1498 Montem
1122 1431 1241 1496 Sancti
1269 1429 1366 1494 Petri

250 1520 389 1584 veniens
411 1520 523 1585 tribus
547 1521 668 1585 diebus
697 1520 747 1584 ibi
770 1522 906 1585 mansit.
953 1522 1103 1604 Postque
1134 1520 1240 1604 digna
1269 1539 1364 1601 spon·

146 1609 344 1678 *sessione
369 1608 592 1673 subiectionis
615 1631 636 1673 a
660 1609 802 1693 ‘populo
826 1609 1061 1694 Erphordensi
1091 1610 1157 1674 sibi
1183 1609 1288 1683 facta,
1321 1608 1363 1670 ad

250 1717 376 1781 regem,
400 1699 493 1762 unde
516 1701 666 1776 venerat,
692 1702 745 1763 est
766 1719 931 1763 reversus.
966 1699 1040 1763 Rex
1062 1699 1170 1782 igitur
1193 1719 1254 1782 per
1267 1696 1364 1759 ¹Thu·

249 1786 395 1870 ringiam
420 1789 456 1851 et
478 1790 602 1851 terram
627 1785 838 1851 Orientalem
861 1788 1042 1864 transiens,
1067 1787 1241 1851 Boemiam
1267 1785 1364 1859 adiit,

214 1875 371 1941 rsrariis⁰
407 1875 564 1941 cladibus
595 1897 670 1941 eam
704 1877 910 1960 opprimens,
941 1876 1001 1940 ubi
1036 1876 1127 1940 filius
1158 1875 1261 1940 suus²
1296 1875 1365 1938 dux

249 1964 390 2028 Austrie
422 1965 453 2028 ei
484 1985 562 2028 eum
584 1963 701 2029 valida
723 1986 830 2028 manu
851 1965 887 2029 in
911 1965 1121 2029 adiutorium
1145 1965 1250 2029 venit.
1298 1963 1364 2028 Sic·

249 2073 315 2135 que
337 2053 543 2136 quibusdam
574 2052 773 2118 civitatibus
803 2057 839 2118 et
867 2054 1121 2119 municionibus
1145 2074 1180 2118 se
1202 2053 1277 2136 regi
1299 2057 1364 2116 tra·

250 2141 421 2220 dentibus,
446 2141 602 2226 pluribus
621 2162 701 2207 vero
724 2142 1008 2227 repugnantibus,
1033 2146 1173 2227 propter
1188 2143 1301 2206 victus
1316 2141 1363 2204 in-

248 2231 363 2314 opiam
392 2230 527 2314 regredi
557 2235 639 2296 sunt
669 2231 789 2306 coacti,
815 2232 955 2296 dimissa
983 2235 1101 2296 tamen
1131 2232 1166 2295 in
1195 2250 1364 2314 expugna-

213 2319 382 2384 rocionem
404 2319 499 2384 illius
522 2323 613 2384 terre
635 2321 673 2384 in
695 2320 833 2384 traditis
853 2320 1106 2385 municionibus
1129 2342 1234 2384 manu
1249 2319 1364 2383 valida

249 2412 469 2473 armatorum.
508 2405 642 2486 Quibus
666 2409 939 2493 digredientibus
962 2409 1112 2474 occurrit
1136 2409 1205 2473 dux
1221 2409 1451 2492 stepha-(rav.)

249 2517 313 2560 nus
344 2496 507 2574 Bawarie,
539 2498 597 2580 qui
631 2498 719 2561 inito
754 2499 941 2563 certamine
973 2519 1049 2562 cum
1081 2498 1234 2564 exercitu
1263 2498 1361 2578 regis,

248 2585 367 2650 multis
395 2587 466 2650 suis
495 2586 625 2664 occisis,
650 2587 807 2670 pluribus
837 2608 917 2652 vero
948 2589 1067 2672 captis,
1094 2589 1132 2652 in
1160 2588 1281 2671 fugam
1311 2589 1363 2651 est

248 2694 447 2752 conversus;
473 2677 509 2739 et
531 2676 579 2739 sic
602 2695 663 2740 rex
685 2676 721 2738 in
745 2675 942 2741 Norenbero
967 2676 1171 2762 properavit.

212 2785 239 2826 rs
354 2763 436 2848 Ipso
466 2785 556 2828 anno
586 2764 624 2827 in
653 2764 773 2847 vigilia
802 2769 919 2830 sancte
941 2765 1051 2830 Marie
1074 2765 1280 2848 Magdalene
1309 2784 1460 2831 reema.

248 2853 375 2917 accidit
404 2853 500 2916 omni
529 2873 606 2916 oum
636 2853 785 2918 tristicia
807 2855 983 2919 edicenda.
1030 2849 1141 2918 Nemi
1168 2855 1288 2919 civitas
1312 2853 1363 2916 Pi·

248 2941 371 3026 gavia²
393 2962 471 3005 cum
502 2941 639 3025 egregio
668 2943 877 3008 monasterio
907 2942 1018 3008 sancti
1041 2942 1160 3007 Iacobi
1188 2963 1249 3028 per
1276 2963 1363 3007 com-

249 3029 355 3112 plices
378 3029 582 3095 Theoderici
604 3031 748 3095 iunioris
778 3031 964 3115 lantgravii
993 3035 1045 3096 est
1068 3051 1241 3108 succensa,
1266 3031 1363 3095 vehe-

248 3119 381 3184 mencia
404 3122 547 3184 ventus⁰
575 3123 764 3204 exurgente
787 3141 951 3204 magnum
975 3120 1193 3205 dispendium
1217 3123 1269 3184 est
1291 3139 1362 3202 per·

213 3227 355 3291 sopessa.
402 3208 643 3292 Ingredientee
673 3208 782 3292 igitur
805 3209 983 3274 civitatem
1015 3209 1142 3273 multos
1171 3201 1242 3273 ibir
1269 3229 1363 3291 cepe-

247 3300 339 3374 runt,
372 3297 521 3380 plurima
549 3297 599 3360 ibi
629 3297 858 3382 diripuerunt.
904 3296 1049 3363 Omnem
1072 3298 1180 3382 igitur
1203 3299 1363 3360 ornatum

247 3385 342 3448 illius
366 3385 509 3450 ecclesie
533 3406 610 3450 cum
635 3385 845 3470 privilegiisi
871 3391 907 3452 et
936 3387 1033 3452 libris
1061 3386 1235 3470 sacrilegis
1258 3386 1363 3449 mani·

247 3473 311 3538 bus
335 3475 542 3553 auferentes,
567 3475 703 3539 edificia
726 3477 988 3542 succenderunt.
1024 3475 1146 3539 Dicam
1165 3467 1358 3558 quoddamh

248 3563 469 3628 detestabile:
500 3563 603 3630 Pueri
628 3564 702 3628 Deo
732 3564 861 3630 ibidem
888 3565 998 3630 oblati
1021 3585 1082 3649 per
1104 3568 1223 3648 turpes
1248 3563 1457 3637 *male-*mm

211 3651 396 3716 selectores
432 3652 586 3717 restibus
625 3653 807 3717 abstractis
845 3654 998 3737 undique
1036 3653 1361 3728 circumcurrebant,

246 3740 328 3823 quid
358 3741 524 3819 facerent,
556 3742 758 3806 nescientes.
810 3743 943 3807 Scrinia
973 3745 1093 3806 sancta
1125 3735 1361 3825 fringuntur¹,

246 3828 391 3912 reliquie
430 3835 627 3896 sanctorum
662 3852 723 3914 per
761 3831 996 3915 pavimentum
1036 3831 1290 3916 disperguntur,
1327 3836 1362 3896 et

367 4037 401 4087 N,·
414 4039 515 4088 proximo
528 4041 548 4082 1.
601 4038 625 4090 b)
639 4039 711 4079 Mario
725 4039 777 4082 odd.
790 4039 817 4083 B.
862 4041 883 4088 c)
897 4039 990 4080 diversis
1005 4041 1031 4082 B.
1072 4038 1096 4092 d)
1108 4039 1194 4081 Eodem
1207 4053 1266 4081 anno
1281 4043 1324 4086 cir.
1337 4043 1363 4086 Ε,

360 4091 386 4134 n'.
399 4092 426 4136 Β.
494 4091 512 4142 i)
532 4092 664 4132 occiderunt
685 4092 781 4142 piurima
794 4092 833 4141 ibi,
848 4103 903 4142 quoe
917 4093 969 4134 add.
983 4094 1011 4142 Β,
1025 4095 1101 4134 eluunt
1115 4096 1134 4138 1.
1147 4095 1173 4139 E.
1188 4095 1216 4143 0,·
1237 4107 1265 4138 m.
1280 4095 1363 4136 ibidem

245 4035 267 4139 ιζ
280 4039 312 4077 eie
325 4038 352 4082 Β.

208 4091 391 4194 ωὲορῖοριὶὶιτοι
404 4146 572 4196 iuteremerunt,
587 4146 645 4195 plur.
658 4120 701 4189 dir.
715 4145 744 4188 N.
803 4147 826 4195 g)
840 4147 897 4196 priv.
912 4147 1024 4191 020de
1078 4147 1102 4200 b)
1116 4147 1205 4198 quidum
1220 4149 1254 4196 ιζ·
1268 4147 1322 4200 quid
1337 4150 1364 4192 B.

245 4196 262 4250 i)
275 4199 307 4237 eie
320 4201 339 4242 1.
353 4198 379 4242 Ε.
392 4199 428 4250 Β,-
443 4199 577 4250 manantur
590 4199 619 4240 Ν.

247 4357 273 4424 1)
292 4357 457 4413 enarrans.
523 4361 551 4427 2)
572 4359 613 4410 Dc
630 4374 684 4426 qua
702 4361 921 4427 macerarere
938 4360 992 4414 eibi
1007 4363 1135 4415 naualia
1149 4369 1344 4430 procuraverat
1352 4378 1363 4425 ‚·

244 4430 316 4483 Ams.
340 4429 520 4485 Vetere-Geli
545 4430 583 4483 ed.
604 4429 668 4498 Opel
688 4447 717 4496 p.
737 4432 797 4486 216.
