<?xml version="1.0" encoding="UTF-8"?>
<!DOCTYPE html PUBLIC "-//W3C//DTD XHTML 1.0 Transitional//EN"
    "http://www.w3.org/TR/xhtml1/DTD/xhtml1-transitional.dtd">
<html xmlns="http://www.w3.org/1999/xhtml" xml:lang="en" lang="en">
 <head>
  <title>
</title>
<meta http-equiv="Content-Type" content="text/html;charset=utf-8" />
  <meta name='ocr-system' content='tesseract 3.04.00' />
  <meta name='ocr-capabilities' content='ocr_page ocr_carea ocr_par ocr_line ocrx_word'/>
</head>
<body>
  <div class='ocr_page' id='page_1' title='image "./monumentaerphes00monagoog_0053.png"; bbox 0 0 3136 4990; ppageno 0'>
   <div class='ocr_carea' id='block_1_1' title="bbox 231 471 1246 530">
    <p class='ocr_par' dir='ltr' id='par_1_1' title="bbox 231 471 1246 530">
     <span class='ocr_line' id='line_1_1' title="bbox 231 471 1246 530; baseline 0 -1"><span class='ocrx_word' id='word_1_1' title='bbox 231 473 261 530; x_wconf 86' lang='lat' dir='ltr'>S.</span> <span class='ocrx_word' id='word_1_2' title='bbox 273 472 399 528; x_wconf 81' lang='lat' dir='ltr'>PETRI</span> <span class='ocrx_word' id='word_1_3' title='bbox 418 471 682 529; x_wconf 77' lang='lat' dir='ltr'><strong>ERPHESFURT.</strong></span> <span class='ocrx_word' id='word_1_4' title='bbox 702 471 966 528; x_wconf 76' lang='lat' dir='ltr'>CONTINUATIO</span> <span class='ocrx_word' id='word_1_5' title='bbox 985 471 1131 528; x_wconf 82' lang='grc' dir='ltr'><strong>ΕΚΚΕΗ.</strong></span> <span class='ocrx_word' id='word_1_6' title='bbox 1212 476 1246 529; x_wconf 87' lang='grc'>41</span> 
     </span>
    </p>
   </div>
   <div class='ocr_carea' id='block_1_2' title="bbox 33 655 1414 2610">
    <p class='ocr_par' dir='ltr' id='par_1_2' title="bbox 33 655 1414 2610">
     <span class='ocr_line' id='line_1_2' title="bbox 124 655 1335 741; baseline -0.006 -19"><span class='ocrx_word' id='word_1_7' title='bbox 124 657 179 740; x_wconf 91' lang='lat' dir='ltr'>qui</span> <span class='ocrx_word' id='word_1_8' title='bbox 202 657 420 722; x_wconf 86' lang='lat' dir='ltr'>avunculum</span> <span class='ocrx_word' id='word_1_9' title='bbox 443 678 567 734; x_wconf 87' lang='lat' dir='ltr'>meum,</span> <span class='ocrx_word' id='word_1_10' title='bbox 603 657 720 741; x_wconf 87' lang='lat' dir='ltr'>patrui</span> <span class='ocrx_word' id='word_1_11' title='bbox 758 655 813 721; x_wconf 89' lang='lat' dir='ltr'>tui</span> <span class='ocrx_word' id='word_1_12' title='bbox 847 655 1005 721; x_wconf 87' lang='lat' dir='ltr'>osculans</span> <span class='ocrx_word' id='word_1_13' title='bbox 1039 655 1335 722; x_wconf 81' lang='lat' dir='ltr'>interfecisti1134.</span> 
     </span>
     <span class='ocr_line' id='line_1_3' title="bbox 124 745 1246 830; baseline 0 -20"><span class='ocrx_word' id='word_1_14' title='bbox 124 747 240 824; x_wconf 87' lang='lat' dir='ltr'>filium,</span> <span class='ocrx_word' id='word_1_15' title='bbox 272 748 316 810; x_wconf 90' lang='lat' dir='ltr'>ut</span> <span class='ocrx_word' id='word_1_16' title='bbox 339 746 449 810; x_wconf 88' lang='lat' dir='ltr'>Iudas</span> <span class='ocrx_word' id='word_1_17' title='bbox 478 746 629 830; x_wconf 88' lang='lat' dir='ltr'>perfidus</span> <span class='ocrx_word' id='word_1_18' title='bbox 657 745 805 810; x_wconf 84' lang='lat' dir='ltr'>tradidit</span> <span class='ocrx_word' id='word_1_19' title='bbox 828 745 1031 810; x_wconf 77' lang='lat' dir='ltr'>Dominum!</span> <span class='ocrx_word' id='word_1_20' title='bbox 1078 746 1180 810; x_wconf 86' lang='lat' dir='ltr'>Nunc</span> <span class='ocrx_word' id='word_1_21' title='bbox 1210 749 1246 811; x_wconf 93' lang='lat' dir='ltr'>te</span> 
     </span>
     <span class='ocr_line' id='line_1_4' title="bbox 126 835 1402 921; baseline 0.001 -22"><span class='ocrx_word' id='word_1_22' title='bbox 126 841 286 920; x_wconf 88' lang='lat' dir='ltr'>premunt</span> <span class='ocrx_word' id='word_1_23' title='bbox 310 837 457 921; x_wconf 87' lang='lat' dir='ltr'>peccata</span> <span class='ocrx_word' id='word_1_24' title='bbox 479 840 550 912; x_wconf 82' lang='lat' dir='ltr'>tue,</span> <span class='ocrx_word' id='word_1_25' title='bbox 575 855 667 899; x_wconf 91' lang='lat' dir='ltr'>nunc</span> <span class='ocrx_word' id='word_1_26' title='bbox 689 838 726 898; x_wconf 91' lang='lat' dir='ltr'>te</span> <span class='ocrx_word' id='word_1_27' title='bbox 743 835 810 900; x_wconf 92' lang='lat' dir='ltr'>Dei</span> <span class='ocrx_word' id='word_1_28' title='bbox 825 838 1079 918; x_wconf 86' lang='lat' dir='ltr'>persequuntur</span> <span class='ocrx_word' id='word_1_29' title='bbox 1102 835 1402 908; x_wconf 55' lang='lat' dir='ltr'>iudicialenareo.</span> 
     </span>
     <span class='ocr_line' id='line_1_5' title="bbox 125 923 1245 1008; baseline 0.001 -20"><span class='ocrx_word' id='word_1_30' title='bbox 125 924 247 1002; x_wconf 85' lang='lat' dir='ltr'>Hodie,</span> <span class='ocrx_word' id='word_1_31' title='bbox 271 923 426 1008; x_wconf 83' lang='lat' dir='ltr'>inquam,</span> <span class='ocrx_word' id='word_1_32' title='bbox 452 924 599 1008; x_wconf 76' lang='lat' dir='ltr'><strong>accipies</strong></span> <span class='ocrx_word' id='word_1_33' title='bbox 622 924 713 1007; x_wconf 87' lang='lat' dir='ltr'>qnod</span> <span class='ocrx_word' id='word_1_34' title='bbox 737 924 887 998; x_wconf 89' lang='lat' dir='ltr'>mereris,</span> <span class='ocrx_word' id='word_1_35' title='bbox 924 927 960 988; x_wconf 86' lang='lat' dir='ltr'>et</span> <span class='ocrx_word' id='word_1_36' title='bbox 991 924 1098 1008; x_wconf 90' lang='lat' dir='ltr'>impio</span> <span class='ocrx_word' id='word_1_37' title='bbox 1133 923 1245 1008; x_wconf 86' lang='lat' dir='ltr'>capite</span> 
     </span>
     <span class='ocr_line' id='line_1_6' title="bbox 96 1011 1246 1097; baseline 0.003 -23"><span class='ocrx_word' id='word_1_38' title='bbox 96 1017 182 1078; x_wconf 83' lang='lat' dir='ltr'>stuc</span> <span class='ocrx_word' id='word_1_39' title='bbox 206 1035 287 1078; x_wconf 90' lang='lat' dir='ltr'>cum</span> <span class='ocrx_word' id='word_1_40' title='bbox 312 1013 472 1078; x_wconf 84' lang='lat' dir='ltr'>manibus</span> <span class='ocrx_word' id='word_1_41' title='bbox 502 1012 656 1078; x_wconf 74' lang='lat' dir='ltr'>scelestis</span> <span class='ocrx_word' id='word_1_42' title='bbox 679 1011 811 1078; x_wconf 81' lang='lat' dir='ltr'>absciso</span> <span class='ocrx_word' id='word_1_43' title='bbox 841 1034 903 1097; x_wconf 92' lang='lat' dir='ltr'>pro</span> <span class='ocrx_word' id='word_1_44' title='bbox 931 1013 984 1076; x_wconf 88' lang='lat' dir='ltr'>tui</span> <span class='ocrx_word' id='word_1_45' title='bbox 1007 1013 1246 1096; x_wconf 75' lang='lat' dir='ltr'>magnitudine</span> 
     </span>
     <span class='ocr_line' id='line_1_7' title="bbox 124 1100 1246 1185; baseline -0.001 -19"><span class='ocrx_word' id='word_1_46' title='bbox 124 1102 261 1167; x_wconf 87' lang='lat' dir='ltr'>sceleris</span> <span class='ocrx_word' id='word_1_47' title='bbox 296 1104 373 1167; x_wconf 86' lang='lat' dir='ltr'>toto</span> <span class='ocrx_word' id='word_1_48' title='bbox 408 1101 525 1166; x_wconf 86' lang='lat' dir='ltr'>seculo</span> <span class='ocrx_word' id='word_1_49' title='bbox 547 1101 669 1166; x_wconf 87' lang='lat' dir='ltr'>fabula</span> <span class='ocrx_word' id='word_1_50' title='bbox 703 1101 791 1166; x_wconf 89' lang='lat' dir='ltr'>eris’.</span> <span class='ocrx_word' id='word_1_51' title='bbox 838 1100 915 1179; x_wconf 82' lang='lat' dir='ltr'>Quo</span> <span class='ocrx_word' id='word_1_52' title='bbox 948 1101 1014 1165; x_wconf 88' lang='lat' dir='ltr'>tali</span> <span class='ocrx_word' id='word_1_53' title='bbox 1037 1105 1147 1166; x_wconf 89' lang='lat' dir='ltr'>morte</span> <span class='ocrx_word' id='word_1_54' title='bbox 1175 1122 1246 1185; x_wconf 90' lang='lat' dir='ltr'>per·</span> 
     </span>
     <span class='ocr_line' id='line_1_8' title="bbox 128 1191 1246 1276; baseline -0.003 -19"><span class='ocrx_word' id='word_1_55' title='bbox 128 1197 252 1276; x_wconf 88' lang='lat' dir='ltr'>empto,</span> <span class='ocrx_word' id='word_1_56' title='bbox 296 1212 356 1256; x_wconf 88' lang='lat' dir='ltr'>rex</span> <span class='ocrx_word' id='word_1_57' title='bbox 390 1191 566 1269; x_wconf 87' lang='lat' dir='ltr'>Nicolaus,</span> <span class='ocrx_word' id='word_1_58' title='bbox 611 1194 710 1275; x_wconf 90' lang='lat' dir='ltr'>pater</span> <span class='ocrx_word' id='word_1_59' title='bbox 743 1191 874 1276; x_wconf 83' lang='lat' dir='ltr'>Magni,</span> <span class='ocrx_word' id='word_1_60' title='bbox 909 1191 1034 1255; x_wconf 90' lang='lat' dir='ltr'>timore</span> <span class='ocrx_word' id='word_1_61' title='bbox 1069 1194 1246 1274; x_wconf 89' lang='lat' dir='ltr'>correptus</span> 
     </span>
     <span class='ocr_line' id='line_1_9' title="bbox 124 1279 1246 1363; baseline 0 -19"><span class='ocrx_word' id='word_1_62' title='bbox 124 1282 300 1356; x_wconf 80' lang='lat' dir='ltr'>immenso,</span> <span class='ocrx_word' id='word_1_63' title='bbox 336 1281 473 1363; x_wconf 89' lang='lat' dir='ltr'>iamque</span> <span class='ocrx_word' id='word_1_64' title='bbox 508 1300 543 1345; x_wconf 93' lang='lat' dir='ltr'>se</span> <span class='ocrx_word' id='word_1_65' title='bbox 578 1283 614 1344; x_wconf 88' lang='lat' dir='ltr'>et</span> <span class='ocrx_word' id='word_1_66' title='bbox 637 1301 658 1343; x_wconf 85' lang='lat' dir='ltr'>a</span> <span class='ocrx_word' id='word_1_67' title='bbox 685 1280 920 1345; x_wconf 88' lang='lat' dir='ltr'>coessentibus</span> <span class='ocrx_word' id='word_1_68' title='bbox 954 1279 1021 1344; x_wconf 87' lang='lat' dir='ltr'>sibi</span> <span class='ocrx_word' id='word_1_69' title='bbox 1056 1280 1246 1344; x_wconf 86' lang='lat' dir='ltr'>comminus</span> 
     </span>
     <span class='ocr_line' id='line_1_10' title="bbox 33 1369 1247 1453; baseline -0.001 -21"><span class='ocrx_word' id='word_1_70' title='bbox 33 1371 328 1435; x_wconf 63' lang='lat' dir='ltr'>&#39;mctmoriturum</span> <span class='ocrx_word' id='word_1_71' title='bbox 351 1369 555 1453; x_wconf 87' lang='lat' dir='ltr'>suspicatus,</span> <span class='ocrx_word' id='word_1_72' title='bbox 581 1369 767 1453; x_wconf 78' lang='lat' dir='ltr'>&#39;fugiendo</span> <span class='ocrx_word' id='word_1_73' title='bbox 790 1390 867 1434; x_wconf 92' lang='lat' dir='ltr'>cum</span> <span class='ocrx_word' id='word_1_74' title='bbox 892 1369 1116 1434; x_wconf 86' lang='lat' dir='ltr'>multitudine</span> <span class='ocrx_word' id='word_1_75' title='bbox 1141 1389 1247 1433; x_wconf 86' lang='lat' dir='ltr'>arma-</span> 
     </span>
     <span class='ocr_line' id='line_1_11' title="bbox 90 1457 1246 1524; baseline -0.002 0"><span class='ocrx_word' id='word_1_76' title='bbox 90 1463 235 1524; x_wconf 80' lang='lat' dir='ltr'>ntorum</span> <span class='ocrx_word' id='word_1_77' title='bbox 258 1459 358 1522; x_wconf 86' lang='lat' dir='ltr'>iuxta</span> <span class='ocrx_word' id='word_1_78' title='bbox 373 1459 550 1522; x_wconf 84' lang='lat' dir='ltr'>civitatem</span> <span class='ocrx_word' id='word_1_79' title='bbox 566 1457 730 1524; x_wconf 83' lang='lat' dir='ltr'>Sleswich</span> <span class='ocrx_word' id='word_1_80' title='bbox 754 1461 807 1523; x_wconf 88' lang='lat' dir='ltr'>est</span> <span class='ocrx_word' id='word_1_81' title='bbox 822 1460 935 1522; x_wconf 88' lang='lat' dir='ltr'>castra</span> <span class='ocrx_word' id='word_1_82' title='bbox 950 1461 1111 1523; x_wconf 87' lang='lat' dir='ltr'>metatus.</span> <span class='ocrx_word' id='word_1_83' title='bbox 1147 1457 1246 1523; x_wconf 79' lang='lat' dir='ltr'>Cives</span> 
     </span>
     <span class='ocr_line' id='line_1_12' title="bbox 124 1546 1407 1643; baseline 0 -31"><span class='ocrx_word' id='word_1_84' title='bbox 124 1553 240 1613; x_wconf 84' lang='lat' dir='ltr'>autem</span> <span class='ocrx_word' id='word_1_85' title='bbox 275 1547 430 1612; x_wconf 89' lang='lat' dir='ltr'>eiusdem</span> <span class='ocrx_word' id='word_1_86' title='bbox 460 1547 621 1624; x_wconf 83' lang='lat' dir='ltr'>civitatis,</span> <span class='ocrx_word' id='word_1_87' title='bbox 656 1547 691 1610; x_wconf 92' lang='lat' dir='ltr'>in</span> <span class='ocrx_word' id='word_1_88' title='bbox 723 1546 803 1611; x_wconf 88' lang='lat' dir='ltr'>dolo</span> <span class='ocrx_word' id='word_1_89' title='bbox 833 1546 866 1612; x_wconf 89' lang='lat' dir='ltr'>ei</span> <span class='ocrx_word' id='word_1_90' title='bbox 889 1547 1030 1631; x_wconf 89' lang='lat' dir='ltr'>pacifice</span> <span class='ocrx_word' id='word_1_91' title='bbox 1054 1546 1244 1630; x_wconf 89' lang='lat' dir='ltr'>loquentes,</span> <span class='ocrx_word' id='word_1_92' title='bbox 1256 1550 1407 1643; x_wconf 53' lang='lat' dir='ltr'>ffiffl„</span> 
     </span>
     <span class='ocr_line' id='line_1_13' title="bbox 123 1631 1414 1722; baseline -0.005 -20"><span class='ocrx_word' id='word_1_93' title='bbox 123 1638 322 1722; x_wconf 87' lang='lat' dir='ltr'>episcopum</span> <span class='ocrx_word' id='word_1_94' title='bbox 347 1635 470 1700; x_wconf 86' lang='lat' dir='ltr'>suum1</span> <span class='ocrx_word' id='word_1_95' title='bbox 500 1656 578 1700; x_wconf 90' lang='lat' dir='ltr'>cum</span> <span class='ocrx_word' id='word_1_96' title='bbox 601 1636 725 1701; x_wconf 90' lang='lat' dir='ltr'>ceteris</span> <span class='ocrx_word' id='word_1_97' title='bbox 748 1637 954 1721; x_wconf 88' lang='lat' dir='ltr'>primatibus</span> <span class='ocrx_word' id='word_1_98' title='bbox 977 1636 1021 1700; x_wconf 85' lang='lat' dir='ltr'>ad</span> <span class='ocrx_word' id='word_1_99' title='bbox 1045 1657 1123 1702; x_wconf 88' lang='lat' dir='ltr'>eum</span> <span class='ocrx_word' id='word_1_100' title='bbox 1147 1635 1318 1720; x_wconf 57' lang='lat' dir='ltr'>quasiriro.</span> <span class='ocrx_word' id='word_1_101' title='bbox 1348 1631 1380 1652; x_wconf 87' lang='grc'>“’</span> <span class='ocrx_word' id='word_1_102' title='bbox 1408 1633 1414 1645; x_wconf 82' lang='lat'><strong><em>‘</em></strong></span> 
     </span>
     <span class='ocr_line' id='line_1_14' title="bbox 124 1725 1245 1811; baseline -0.003 -20"><span class='ocrx_word' id='word_1_103' title='bbox 124 1727 217 1811; x_wconf 80' lang='lat' dir='ltr'>pacis</span> <span class='ocrx_word' id='word_1_104' title='bbox 248 1725 385 1790; x_wconf 90' lang='lat' dir='ltr'>obsides</span> <span class='ocrx_word' id='word_1_105' title='bbox 416 1725 613 1803; x_wconf 87' lang='lat' dir='ltr'>emiserunt,</span> <span class='ocrx_word' id='word_1_106' title='bbox 645 1730 681 1790; x_wconf 87' lang='lat' dir='ltr'>et</span> <span class='ocrx_word' id='word_1_107' title='bbox 710 1725 950 1790; x_wconf 87' lang='lat' dir='ltr'>introductum</span> <span class='ocrx_word' id='word_1_108' title='bbox 979 1726 1025 1789; x_wconf 85' lang='lat' dir='ltr'>ad</span> <span class='ocrx_word' id='word_1_109' title='bbox 1059 1745 1095 1792; x_wconf 88' lang='lat' dir='ltr'>se</span> <span class='ocrx_word' id='word_1_110' title='bbox 1126 1726 1245 1790; x_wconf 88' lang='lat' dir='ltr'>statim</span> 
     </span>
     <span class='ocr_line' id='line_1_15' title="bbox 122 1813 1367 1900; baseline -0.001 -21"><span class='ocrx_word' id='word_1_111' title='bbox 122 1813 341 1899; x_wconf 82' lang='lat' dir='ltr'>proforibus</span> <span class='ocrx_word' id='word_1_112' title='bbox 365 1813 551 1879; x_wconf 75' lang='lat' dir='ltr'>aecclesiae</span> <span class='ocrx_word' id='word_1_113' title='bbox 574 1815 726 1898; x_wconf 88' lang='lat' dir='ltr'>positum</span> <span class='ocrx_word' id='word_1_114' title='bbox 753 1815 791 1877; x_wconf 92' lang='lat' dir='ltr'>in</span> <span class='ocrx_word' id='word_1_115' title='bbox 811 1815 969 1878; x_wconf 89' lang='lat' dir='ltr'>&#39;oratione</span> <span class='ocrx_word' id='word_1_116' title='bbox 993 1818 1213 1897; x_wconf 90' lang='lat' dir='ltr'>peremerunt</span> <span class='ocrx_word' id='word_1_117' title='bbox 1223 1815 1243 1892; x_wconf 86' lang='lat'>²,</span> <span class='ocrx_word' id='word_1_118' title='bbox 1254 1846 1367 1900; x_wconf 58' lang='grc' dir='ltr'><strong><em>(Μ),</em></strong></span> 
     </span>
     <span class='ocr_line' id='line_1_16' title="bbox 91 1903 1245 1988; baseline -0.003 -18"><span class='ocrx_word' id='word_1_119' title='bbox 91 1909 157 1970; x_wconf 80' lang='lat' dir='ltr'>cet</span> <span class='ocrx_word' id='word_1_120' title='bbox 179 1904 258 1968; x_wconf 91' lang='lat' dir='ltr'>loco</span> <span class='ocrx_word' id='word_1_121' title='bbox 282 1903 356 1968; x_wconf 88' lang='lat' dir='ltr'>eius</span> <span class='ocrx_word' id='word_1_122' title='bbox 379 1903 545 1967; x_wconf 78' lang='lat' dir='ltr'>Eriohum</span> <span class='ocrx_word' id='word_1_123' title='bbox 567 1903 678 1967; x_wconf 89' lang='lat' dir='ltr'>fflium</span> <span class='ocrx_word' id='word_1_124' title='bbox 707 1903 828 1968; x_wconf 83' lang='lat' dir='ltr'>fratris</span> <span class='ocrx_word' id='word_1_125' title='bbox 857 1904 940 1981; x_wconf 85' lang='lat' dir='ltr'>eius,</span> <span class='ocrx_word' id='word_1_126' title='bbox 972 1923 1074 1986; x_wconf 87' lang='lat' dir='ltr'>quem</span> <span class='ocrx_word' id='word_1_127' title='bbox 1097 1903 1245 1988; x_wconf 85' lang='lat' dir='ltr'>Magnus</span> 
     </span>
     <span class='ocr_line' id='line_1_17' title="bbox 121 1991 1244 2077; baseline -0.002 -19"><span class='ocrx_word' id='word_1_128' title='bbox 121 1997 226 2058; x_wconf 79' lang='lat' dir='ltr'>antee</span> <span class='ocrx_word' id='word_1_129' title='bbox 259 1991 541 2076; x_wconf 70' lang='lat' dir='ltr'>persequebatur,</span> <span class='ocrx_word' id='word_1_130' title='bbox 578 2013 656 2056; x_wconf 88' lang='lat' dir='ltr'>cnm</span> <span class='ocrx_word' id='word_1_131' title='bbox 690 1993 784 2056; x_wconf 92' lang='lat' dir='ltr'>omni</span> <span class='ocrx_word' id='word_1_132' title='bbox 817 1995 931 2057; x_wconf 85' lang='lat' dir='ltr'>terrae</span> <span class='ocrx_word' id='word_1_133' title='bbox 966 1991 1094 2077; x_wconf 91' lang='lat' dir='ltr'>populo</span> <span class='ocrx_word' id='word_1_134' title='bbox 1127 2013 1244 2076; x_wconf 86' lang='lat' dir='ltr'>regem</span> 
     </span>
     <span class='ocr_line' id='line_1_18' title="bbox 121 2083 390 2148; baseline -0.015 -1"><span class='ocrx_word' id='word_1_135' title='bbox 121 2083 390 2148; x_wconf 87' lang='lat' dir='ltr'>constituerunt.</span> 
     </span>
     <span class='ocr_line' id='line_1_19' title="bbox 228 2169 1334 2254; baseline 0.004 -20"><span class='ocrx_word' id='word_1_136' title='bbox 228 2170 444 2254; x_wconf 72' lang='lat' dir='ltr'>mperator·</span> <span class='ocrx_word' id='word_1_137' title='bbox 461 2191 538 2234; x_wconf 89' lang='lat' dir='ltr'>cum</span> <span class='ocrx_word' id='word_1_138' title='bbox 554 2170 708 2236; x_wconf 86' lang='lat' dir='ltr'>exercitu</span> <span class='ocrx_word' id='word_1_139' title='bbox 720 2171 882 2237; x_wconf 81' lang='lat' dir='ltr'>adversus</span> <span class='ocrx_word' id='word_1_140' title='bbox 895 2170 1017 2235; x_wconf 88' lang='lat' dir='ltr'>ducem</span> <span class='ocrx_word' id='word_1_141' title='bbox 1031 2169 1245 2234; x_wconf 81' lang='lat' dir='ltr'>Fridericum</span> <span class='ocrx_word' id='word_1_142' title='bbox 1255 2187 1334 2237; x_wconf 70' lang='lat' dir='ltr'>(Aur.)</span> 
     </span>
     <span class='ocr_line' id='line_1_20' title="bbox 120 2257 1245 2343; baseline -0.003 -18"><span class='ocrx_word' id='word_1_143' title='bbox 120 2263 154 2326; x_wconf 91' lang='lat' dir='ltr'>et</span> <span class='ocrx_word' id='word_1_144' title='bbox 188 2261 339 2324; x_wconf 80' lang='lat' dir='ltr'>fratrem</span> <span class='ocrx_word' id='word_1_145' title='bbox 373 2260 447 2324; x_wconf 89' lang='lat' dir='ltr'>eius</span> <span class='ocrx_word' id='word_1_146' title='bbox 482 2258 682 2323; x_wconf 76' lang='lat' dir='ltr'>cunradum</span> <span class='ocrx_word' id='word_1_147' title='bbox 720 2259 880 2324; x_wconf 78' lang='lat' dir='ltr'>Sueviem</span> <span class='ocrx_word' id='word_1_148' title='bbox 914 2259 1124 2343; x_wconf 85' lang='lat' dir='ltr'>ingreditur;</span> <span class='ocrx_word' id='word_1_149' title='bbox 1161 2257 1245 2322; x_wconf 85' lang='lat' dir='ltr'>villa</span> 
     </span>
     <span class='ocr_line' id='line_1_21' title="bbox 87 2347 1243 2432; baseline -0.003 -16"><span class='ocrx_word' id='word_1_150' title='bbox 87 2349 224 2416; x_wconf 79' lang='lat' dir='ltr'>soUlma</span> <span class='ocrx_word' id='word_1_151' title='bbox 247 2348 411 2412; x_wconf 84' lang='lat' dir='ltr'>funditus</span> <span class='ocrx_word' id='word_1_152' title='bbox 434 2348 632 2425; x_wconf 87' lang='lat' dir='ltr'>destruitur,</span> <span class='ocrx_word' id='word_1_153' title='bbox 658 2347 811 2424; x_wconf 83' lang='lat' dir='ltr'>castella,</span> <span class='ocrx_word' id='word_1_154' title='bbox 842 2348 1056 2413; x_wconf 85' lang='lat' dir='ltr'>municiones</span> <span class='ocrx_word' id='word_1_155' title='bbox 1075 2347 1243 2432; x_wconf 88' lang='lat' dir='ltr'>plurimae</span> 
     </span>
     <span class='ocr_line' id='line_1_22' title="bbox 120 2437 1244 2521; baseline -0.003 -18"><span class='ocrx_word' id='word_1_156' title='bbox 120 2441 335 2514; x_wconf 76' lang='lat' dir='ltr'>evertuntur,</span> <span class='ocrx_word' id='word_1_157' title='bbox 371 2440 539 2520; x_wconf 86' lang='lat' dir='ltr'>tantaque</span> <span class='ocrx_word' id='word_1_158' title='bbox 566 2437 664 2502; x_wconf 86' lang='lat' dir='ltr'>clade</span> <span class='ocrx_word' id='word_1_159' title='bbox 698 2439 775 2502; x_wconf 80' lang='lat' dir='ltr'>tote</span> <span class='ocrx_word' id='word_1_160' title='bbox 797 2437 923 2502; x_wconf 79' lang='lat' dir='ltr'>Suevia</span> <span class='ocrx_word' id='word_1_161' title='bbox 957 2437 1166 2521; x_wconf 72' lang='lat' dir='ltr'>percellitur,</span> <span class='ocrx_word' id='word_1_162' title='bbox 1202 2439 1244 2500; x_wconf 90' lang='lat' dir='ltr'>nt</span> 
     </span>
     <span class='ocr_line' id='line_1_23' title="bbox 120 2525 1241 2610; baseline -0.004 -19"><span class='ocrx_word' id='word_1_163' title='bbox 120 2526 230 2592; x_wconf 85' lang='lat' dir='ltr'>nichil</span> <span class='ocrx_word' id='word_1_164' title='bbox 255 2529 337 2590; x_wconf 89' lang='lat' dir='ltr'>ante</span> <span class='ocrx_word' id='word_1_165' title='bbox 361 2526 472 2591; x_wconf 88' lang='lat' dir='ltr'>simile</span> <span class='ocrx_word' id='word_1_166' title='bbox 501 2527 634 2591; x_wconf 81' lang='lat' dir='ltr'>tactum</span> <span class='ocrx_word' id='word_1_167' title='bbox 658 2547 680 2591; x_wconf 91' lang='lat' dir='ltr'>a</span> <span class='ocrx_word' id='word_1_168' title='bbox 703 2528 837 2590; x_wconf 88' lang='lat' dir='ltr'>cunctis</span> <span class='ocrx_word' id='word_1_169' title='bbox 859 2525 997 2610; x_wconf 84' lang='lat' dir='ltr'>regibus</span> <span class='ocrx_word' id='word_1_170' title='bbox 1022 2529 1241 2591; x_wconf 89' lang='lat' dir='ltr'>memoretur.</span> 
     </span>
    </p>
   </div>
   <div class='ocr_carea' id='block_1_3' title="bbox 159 2599 1331 2699">
    <p class='ocr_par' dir='ltr' id='par_1_3' title="bbox 159 2599 1331 2699">
     <span class='ocr_line' id='line_1_24' title="bbox 159 2599 1331 2699; baseline -0.009 -14"><span class='ocrx_word' id='word_1_171' title='bbox 159 2627 217 2684; x_wconf 84' lang='lat' dir='ltr'>XL</span> <span class='ocrx_word' id='word_1_172' title='bbox 235 2625 294 2683; x_wconf 88' lang='lat' dir='ltr'>HI.</span> <span class='ocrx_word' id='word_1_173' title='bbox 337 2616 440 2679; x_wconf 88' lang='lat' dir='ltr'>Anno</span> <span class='ocrx_word' id='word_1_174' title='bbox 464 2615 606 2679; x_wconf 88' lang='lat' dir='ltr'>Domini</span> <span class='ocrx_word' id='word_1_175' title='bbox 628 2615 840 2680; x_wconf 83' lang='lat' dir='ltr'>MOXXXV.</span> <span class='ocrx_word' id='word_1_176' title='bbox 888 2609 1100 2699; x_wconf 79' lang='lat' dir='ltr'>Imperatorb</span> <span class='ocrx_word' id='word_1_177' title='bbox 1128 2615 1243 2679; x_wconf 83' lang='lat' dir='ltr'>media</span> <span class='ocrx_word' id='word_1_178' title='bbox 1253 2599 1331 2654; x_wconf 81' lang='lat'>¹¹35·</span> 
     </span>
    </p>
   </div>
   <div class='ocr_carea' id='block_1_4' title="bbox 119 2670 1361 2790">
    <p class='ocr_par' dir='ltr' id='par_1_4' title="bbox 119 2670 1361 2790">
     <span class='ocr_line' id='line_1_25' title="bbox 119 2670 1361 2790; baseline -0.01 -18"><span class='ocrx_word' id='word_1_179' title='bbox 119 2705 385 2790; x_wconf 81' lang='lat' dir='ltr'>quadragesima</span> <span class='ocrx_word' id='word_1_180' title='bbox 407 2703 603 2788; x_wconf 84' lang='lat' dir='ltr'>generalem</span> <span class='ocrx_word' id='word_1_181' title='bbox 634 2705 763 2769; x_wconf 87' lang='lat' dir='ltr'>curiam</span> <span class='ocrx_word' id='word_1_182' title='bbox 788 2703 994 2788; x_wconf 82' lang='lat' dir='ltr'>Babenberg</span> <span class='ocrx_word' id='word_1_183' title='bbox 1016 2704 1150 2782; x_wconf 88' lang='lat' dir='ltr'>habuit,</span> <span class='ocrx_word' id='word_1_184' title='bbox 1182 2670 1361 2767; x_wconf 62' lang='lat' dir='ltr'>ubi⁸⁰”&#39;¹⁷&#39;</span> 
     </span>
    </p>
   </div>
   <div class='ocr_carea' id='block_1_5' title="bbox 88 2793 1335 3590">
    <p class='ocr_par' dir='ltr' id='par_1_5' title="bbox 89 2793 1242 3144">
     <span class='ocr_line' id='line_1_26' title="bbox 89 2793 1241 2878; baseline -0.004 -17"><span class='ocrx_word' id='word_1_185' title='bbox 89 2795 318 2862; x_wconf 64' lang='lat' dir='ltr'>albidcricus</span> <span class='ocrx_word' id='word_1_186' title='bbox 334 2793 523 2858; x_wconf 84' lang='lat' dir='ltr'>Suevorum</span> <span class='ocrx_word' id='word_1_187' title='bbox 548 2794 617 2856; x_wconf 84' lang='lat' dir='ltr'>dux</span> <span class='ocrx_word' id='word_1_188' title='bbox 637 2795 785 2877; x_wconf 84' lang='lat' dir='ltr'>gratiam</span> <span class='ocrx_word' id='word_1_189' title='bbox 808 2793 1025 2878; x_wconf 81' lang='lat' dir='ltr'>imperatoris</span> <span class='ocrx_word' id='word_1_190' title='bbox 1049 2793 1241 2877; x_wconf 74' lang='lat' dir='ltr'>acquisivii,</span> 
     </span>
     <span class='ocr_line' id='line_1_27' title="bbox 120 2882 1242 2968; baseline -0.003 -20"><span class='ocrx_word' id='word_1_191' title='bbox 120 2887 217 2949; x_wconf 85' lang='lat' dir='ltr'>etex</span> <span class='ocrx_word' id='word_1_192' title='bbox 252 2882 427 2947; x_wconf 87' lang='lat' dir='ltr'>sententia</span> <span class='ocrx_word' id='word_1_193' title='bbox 456 2883 673 2968; x_wconf 86' lang='lat' dir='ltr'>imperatoris</span> <span class='ocrx_word' id='word_1_194' title='bbox 703 2885 739 2947; x_wconf 91' lang='lat' dir='ltr'>et</span> <span class='ocrx_word' id='word_1_195' title='bbox 768 2882 925 2946; x_wconf 84' lang='lat' dir='ltr'>unanimi</span> <span class='ocrx_word' id='word_1_196' title='bbox 955 2903 1124 2948; x_wconf 90' lang='lat' dir='ltr'>consensu</span> <span class='ocrx_word' id='word_1_197' title='bbox 1153 2883 1242 2967; x_wconf 92' lang='lat' dir='ltr'>prin·</span> 
     </span>
     <span class='ocr_line' id='line_1_28' title="bbox 120 2971 1242 3058; baseline -0.001 -22"><span class='ocrx_word' id='word_1_198' title='bbox 120 2973 234 3058; x_wconf 85' lang='lat' dir='ltr'>cipum</span> <span class='ocrx_word' id='word_1_199' title='bbox 272 2993 340 3056; x_wconf 84' lang='lat' dir='ltr'>pax</span> <span class='ocrx_word' id='word_1_200' title='bbox 374 2991 447 3036; x_wconf 85' lang='lat' dir='ltr'>esse</span> <span class='ocrx_word' id='word_1_201' title='bbox 483 2971 682 3037; x_wconf 76' lang='lat' dir='ltr'>decernitur</span> <span class='ocrx_word' id='word_1_202' title='bbox 715 2972 833 3036; x_wconf 86' lang='lat' dir='ltr'>decem</span> <span class='ocrx_word' id='word_1_203' title='bbox 868 2972 968 3036; x_wconf 85' lang='lat' dir='ltr'>annis</span> <span class='ocrx_word' id='word_1_204' title='bbox 1003 2992 1064 3055; x_wconf 89' lang='lat' dir='ltr'>per</span> <span class='ocrx_word' id='word_1_205' title='bbox 1098 2992 1242 3055; x_wconf 83' lang='lat' dir='ltr'>regnum</span> 
     </span>
     <span class='ocr_line' id='line_1_29' title="bbox 120 3059 1039 3144; baseline -0.004 -17"><span class='ocrx_word' id='word_1_206' title='bbox 120 3063 329 3137; x_wconf 83' lang='lat' dir='ltr'>universum,</span> <span class='ocrx_word' id='word_1_207' title='bbox 355 3059 616 3125; x_wconf 85' lang='lat' dir='ltr'>coniurantibus</span> <span class='ocrx_word' id='word_1_208' title='bbox 640 3061 774 3125; x_wconf 89' lang='lat' dir='ltr'>cunctis</span> <span class='ocrx_word' id='word_1_209' title='bbox 796 3061 834 3124; x_wconf 89' lang='lat' dir='ltr'>in</span> <span class='ocrx_word' id='word_1_210' title='bbox 856 3061 893 3124; x_wconf 88' lang='lat' dir='ltr'>id</span> <span class='ocrx_word' id='word_1_211' title='bbox 916 3061 1039 3144; x_wconf 88' lang='lat' dir='ltr'>ipsum.</span> 
     </span>
    </p>

    <p class='ocr_par' dir='ltr' id='par_1_6' title="bbox 221 3149 1335 3232">
     <span class='ocr_line' id='line_1_30' title="bbox 221 3149 1335 3232; baseline -0.003 -18"><span class='ocrx_word' id='word_1_212' title='bbox 221 3150 423 3232; x_wconf 87' lang='lat' dir='ltr'>Imperator</span> <span class='ocrx_word' id='word_1_213' title='bbox 453 3149 603 3214; x_wconf 58' lang='lat' dir='ltr'>curione</span> <span class='ocrx_word' id='word_1_214' title='bbox 637 3150 732 3232; x_wconf 86' lang='lat' dir='ltr'>apud</span> <span class='ocrx_word' id='word_1_215' title='bbox 761 3150 938 3214; x_wconf 83' lang='lat' dir='ltr'>civitatem</span> <span class='ocrx_word' id='word_1_216' title='bbox 961 3150 1166 3232; x_wconf 83' lang='lat' dir='ltr'>Marseburg</span> <span class='ocrx_word' id='word_1_217' title='bbox 1198 3149 1242 3213; x_wconf 87' lang='lat' dir='ltr'>ad</span> <span class='ocrx_word' id='word_1_218' title='bbox 1253 3170 1308 3219; x_wconf 57' lang='lat' dir='ltr'>ruff.</span> <span class='ocrx_word' id='word_1_219' title='bbox 1317 3172 1335 3212; x_wconf 87' lang='lat'>1.</span> 
     </span>
    </p>

    <p class='ocr_par' dir='ltr' id='par_1_7' title="bbox 88 3237 1243 3590">
     <span class='ocr_line' id='line_1_31' title="bbox 88 3237 1242 3322; baseline -0.005 -16"><span class='ocrx_word' id='word_1_220' title='bbox 88 3239 271 3306; x_wconf 74' lang='lat' dir='ltr'>aVincule</span> <span class='ocrx_word' id='word_1_221' title='bbox 295 3238 406 3302; x_wconf 81' lang='lat' dir='ltr'>sancti</span> <span class='ocrx_word' id='word_1_222' title='bbox 429 3238 546 3302; x_wconf 82' lang='lat' dir='ltr'>Petri8</span> <span class='ocrx_word' id='word_1_223' title='bbox 569 3238 703 3303; x_wconf 88' lang='lat' dir='ltr'>habuit.</span> <span class='ocrx_word' id='word_1_224' title='bbox 750 3237 820 3303; x_wconf 89' lang='lat' dir='ltr'>Ubi</span> <span class='ocrx_word' id='word_1_225' title='bbox 850 3258 892 3303; x_wconf 87' lang='lat' dir='ltr'>ex</span> <span class='ocrx_word' id='word_1_226' title='bbox 914 3242 1078 3322; x_wconf 85' lang='lat' dir='ltr'>precepto</span> <span class='ocrx_word' id='word_1_227' title='bbox 1101 3239 1242 3322; x_wconf 88' lang='lat' dir='ltr'>impera·</span> 
     </span>
     <span class='ocr_line' id='line_1_32' title="bbox 118 3327 1243 3412; baseline -0.004 -18"><span class='ocrx_word' id='word_1_228' title='bbox 118 3329 199 3394; x_wconf 82' lang='lat' dir='ltr'>toris</span> <span class='ocrx_word' id='word_1_229' title='bbox 223 3327 300 3392; x_wconf 86' lang='lat' dir='ltr'>dux</span> <span class='ocrx_word' id='word_1_230' title='bbox 315 3327 545 3392; x_wconf 72' lang='lat' dir='ltr'>Polenornm⁴</span> <span class='ocrx_word' id='word_1_231' title='bbox 567 3327 679 3405; x_wconf 84' lang='lat' dir='ltr'>affuit,</span> <span class='ocrx_word' id='word_1_232' title='bbox 705 3327 764 3411; x_wconf 90' lang='lat' dir='ltr'>qui</span> <span class='ocrx_word' id='word_1_233' title='bbox 783 3347 1008 3412; x_wconf 84' lang='lat' dir='ltr'>sepenumero</span> <span class='ocrx_word' id='word_1_234' title='bbox 1031 3327 1243 3391; x_wconf 85' lang='lat' dir='ltr'>anteriorum</span> 
     </span>
     <span class='ocr_line' id='line_1_33' title="bbox 120 3415 1243 3502; baseline -0.002 -22"><span class='ocrx_word' id='word_1_235' title='bbox 120 3417 368 3502; x_wconf 82' lang='lat' dir='ltr'>imperatorum</span> <span class='ocrx_word' id='word_1_236' title='bbox 391 3417 571 3500; x_wconf 90' lang='lat' dir='ltr'>impetitus</span> <span class='ocrx_word' id='word_1_237' title='bbox 594 3415 696 3494; x_wconf 92' lang='lat' dir='ltr'>bello,</span> <span class='ocrx_word' id='word_1_238' title='bbox 728 3437 808 3501; x_wconf 88' lang='lat' dir='ltr'>sepe</span> <span class='ocrx_word' id='word_1_239' title='bbox 830 3421 981 3500; x_wconf 84' lang='lat' dir='ltr'>rogatus,</span> <span class='ocrx_word' id='word_1_240' title='bbox 1013 3436 1092 3499; x_wconf 91' lang='lat' dir='ltr'>sepe</span> <span class='ocrx_word' id='word_1_241' title='bbox 1123 3435 1243 3480; x_wconf 88' lang='lat' dir='ltr'>suasus</span> 
     </span>
     <span class='ocr_line' id='line_1_34' title="bbox 121 3505 1243 3590; baseline 0 -20"><span class='ocrx_word' id='word_1_242' title='bbox 121 3505 415 3590; x_wconf 87' lang='lat' dir='ltr'>promissionibus,</span> <span class='ocrx_word' id='word_1_243' title='bbox 439 3525 616 3588; x_wconf 86' lang='lat' dir='ltr'>nunqnam</span> <span class='ocrx_word' id='word_1_244' title='bbox 633 3508 749 3570; x_wconf 88' lang='lat' dir='ltr'>tamen</span> <span class='ocrx_word' id='word_1_245' title='bbox 773 3505 818 3569; x_wconf 86' lang='lat' dir='ltr'>ad</span> <span class='ocrx_word' id='word_1_246' title='bbox 841 3525 958 3570; x_wconf 89' lang='lat' dir='ltr'>eorum</span> <span class='ocrx_word' id='word_1_247' title='bbox 975 3505 1107 3570; x_wconf 79' lang='lat' dir='ltr'>curium</span> <span class='ocrx_word' id='word_1_248' title='bbox 1125 3505 1243 3570; x_wconf 84' lang='lat' dir='ltr'>venire</span> 
     </span>
    </p>
   </div>
   <div class='ocr_carea' id='block_1_6' title="bbox 90 3693 1244 3800">
    <p class='ocr_par' dir='ltr' id='par_1_8' title="bbox 90 3693 1244 3800">
     <span class='ocr_line' id='line_1_35' title="bbox 119 3693 1244 3748; baseline 0 -12"><span class='ocrx_word' id='word_1_249' title='bbox 119 3697 140 3748; x_wconf 77' lang='grc' dir='ltr'>ι)</span> <span class='ocrx_word' id='word_1_250' title='bbox 153 3697 278 3738; x_wconf 69' lang='lat' dir='ltr'>nemum</span> <span class='ocrx_word' id='word_1_251' title='bbox 294 3696 346 3738; x_wconf 76' lang='lat' dir='ltr'>add.</span> <span class='ocrx_word' id='word_1_252' title='bbox 361 3695 386 3736; x_wconf 75' lang='grc' dir='ltr'>Ε.</span> <span class='ocrx_word' id='word_1_253' title='bbox 398 3695 424 3738; x_wconf 79' lang='grc' dir='ltr'>Ρ,</span> <span class='ocrx_word' id='word_1_254' title='bbox 483 3695 507 3744; x_wconf 88' lang='lat' dir='ltr'>b)</span> <span class='ocrx_word' id='word_1_255' title='bbox 521 3696 581 3738; x_wconf 77' lang='lat' dir='ltr'>Frld.</span> <span class='ocrx_word' id='word_1_256' title='bbox 595 3693 642 3735; x_wconf 83' lang='lat' dir='ltr'>dux</span> <span class='ocrx_word' id='word_1_257' title='bbox 657 3695 723 3738; x_wconf 66' lang='grc' dir='ltr'><strong>διον,</strong></span> <span class='ocrx_word' id='word_1_258' title='bbox 737 3707 770 3746; x_wconf 72' lang='lat' dir='ltr'>gr.</span> <span class='ocrx_word' id='word_1_259' title='bbox 783 3695 836 3746; x_wconf 86' lang='lat' dir='ltr'>imp.</span> <span class='ocrx_word' id='word_1_260' title='bbox 845 3695 947 3736; x_wconf 71' lang='lat' dir='ltr'>botberti</span> <span class='ocrx_word' id='word_1_261' title='bbox 961 3707 1010 3744; x_wconf 77' lang='lat' dir='ltr'>aeq.</span> <span class='ocrx_word' id='word_1_262' title='bbox 1020 3696 1074 3739; x_wconf 69' lang='lat' dir='ltr'>Bab.</span> <span class='ocrx_word' id='word_1_263' title='bbox 1083 3695 1147 3746; x_wconf 75' lang='lat' dir='ltr'>(Bab.</span> <span class='ocrx_word' id='word_1_264' title='bbox 1156 3707 1206 3747; x_wconf 74' lang='lat' dir='ltr'>seq.</span> <span class='ocrx_word' id='word_1_265' title='bbox 1216 3699 1244 3746; x_wconf 82' lang='lat' dir='ltr'>P)</span> 
     </span>
     <span class='ocr_line' id='line_1_36' title="bbox 90 3749 1060 3800; baseline 0 -12"><span class='ocrx_word' id='word_1_266' title='bbox 90 3749 113 3788; x_wconf 60' lang='grc' dir='ltr'>ὅ</span> <span class='ocrx_word' id='word_1_267' title='bbox 122 3751 248 3792; x_wconf 70' lang='lat' dir='ltr'>etruriam</span> <span class='ocrx_word' id='word_1_268' title='bbox 263 3761 294 3794; x_wconf 83' lang='lat' dir='ltr'>m.</span> <span class='ocrx_word' id='word_1_269' title='bbox 309 3761 332 3799; x_wconf 85' lang='lat' dir='ltr'>q.</span> <span class='ocrx_word' id='word_1_270' title='bbox 347 3749 446 3789; x_wconf 66' lang='lat' dir='ltr'>troium</span> <span class='ocrx_word' id='word_1_271' title='bbox 461 3749 487 3791; x_wconf 79' lang='grc' dir='ltr'>Ε,</span> <span class='ocrx_word' id='word_1_272' title='bbox 500 3750 525 3792; x_wconf 82' lang='lat'>1².</span> <span class='ocrx_word' id='word_1_273' title='bbox 581 3752 601 3798; x_wconf 89' lang='lat' dir='ltr'>c)</span> <span class='ocrx_word' id='word_1_274' title='bbox 616 3750 672 3800; x_wconf 85' lang='lat' dir='ltr'>lmp.</span> <span class='ocrx_word' id='word_1_275' title='bbox 686 3750 806 3790; x_wconf 76' lang='lat' dir='ltr'>Lothsrhn</span> <span class='ocrx_word' id='word_1_276' title='bbox 820 3749 905 3790; x_wconf 67' lang='lat' dir='ltr'>cunam</span> <span class='ocrx_word' id='word_1_277' title='bbox 920 3760 982 3788; x_wconf 73' lang='lat' dir='ltr'>suam</span> <span class='ocrx_word' id='word_1_278' title='bbox 996 3750 1021 3792; x_wconf 76' lang='lat' dir='ltr'>II.</span> <span class='ocrx_word' id='word_1_279' title='bbox 1036 3751 1060 3793; x_wconf 87' lang='lat' dir='ltr'>P.</span> 
     </span>
    </p>
   </div>
   <div class='ocr_carea' id='block_1_7' title="bbox 90 3891 1245 4518">
    <p class='ocr_par' dir='ltr' id='par_1_9' title="bbox 90 3891 1245 4518">
     <span class='ocr_line' id='line_1_37' title="bbox 121 3891 1243 3962; baseline 0.001 -14"><span class='ocrx_word' id='word_1_280' title='bbox 121 3893 145 3962; x_wconf 93' lang='lat' dir='ltr'>l)</span> <span class='ocrx_word' id='word_1_281' title='bbox 163 3893 340 3946; x_wconf 73' lang='lat' dir='ltr'>Adelomum</span> <span class='ocrx_word' id='word_1_282' title='bbox 357 3893 388 3943; x_wconf 75' lang='lat' dir='ltr'>in</span> <span class='ocrx_word' id='word_1_283' title='bbox 407 3893 468 3959; x_wconf 80' lang='lat' dir='ltr'>Ipsa</span> <span class='ocrx_word' id='word_1_284' title='bbox 483 3907 579 3960; x_wconf 74' lang='lat' dir='ltr'>popm</span> <span class='ocrx_word' id='word_1_285' title='bbox 590 3891 740 3944; x_wconf 75' lang='lat' dir='ltr'>Fotm&#39;ccncs’</span> <span class='ocrx_word' id='word_1_286' title='bbox 753 3893 875 3958; x_wconf 69' lang='lat' dir='ltr'>pretim</span> <span class='ocrx_word' id='word_1_287' title='bbox 892 3891 1068 3959; x_wconf 65' lang='lat' dir='ltr'>colnacum,</span> <span class='ocrx_word' id='word_1_288' title='bbox 1092 3899 1154 3946; x_wconf 77' lang='lat' dir='ltr'>teste</span> <span class='ocrx_word' id='word_1_289' title='bbox 1171 3895 1243 3950; x_wconf 73' lang='lat' dir='ltr'>Hoc.</span> 
     </span>
     <span class='ocr_line' id='line_1_38' title="bbox 121 3962 1244 4031; baseline 0.003 -15"><span class='ocrx_word' id='word_1_290' title='bbox 121 3965 249 4031; x_wconf 69' lang='lat' dir='ltr'>Rcelu&#39;ld,</span> <span class='ocrx_word' id='word_1_291' title='bbox 275 3963 327 4018; x_wconf 74' lang='grc' dir='ltr'>ΒΞ.</span> <span class='ocrx_word' id='word_1_292' title='bbox 345 3962 457 4029; x_wconf 83' lang='lat' dir='ltr'>XXIX,</span> <span class='ocrx_word' id='word_1_293' title='bbox 473 3979 503 4029; x_wconf 82' lang='lat' dir='ltr'>p.</span> <span class='ocrx_word' id='word_1_294' title='bbox 516 3963 553 4018; x_wconf 76' lang='lat'>24</span> <span class='ocrx_word' id='word_1_295' title='bbox 569 3978 617 4031; x_wconf 70' lang='lat' dir='ltr'>sq,</span> <span class='ocrx_word' id='word_1_296' title='bbox 643 3979 719 4030; x_wconf 79' lang='lat' dir='ltr'>quem</span> <span class='ocrx_word' id='word_1_297' title='bbox 749 3963 831 4014; x_wconf 77' lang='lat' dir='ltr'>huius</span> <span class='ocrx_word' id='word_1_298' title='bbox 855 3964 984 4016; x_wconf 66' lang='lat' dir='ltr'>hieromice</span> <span class='ocrx_word' id='word_1_299' title='bbox 1007 3971 1108 4030; x_wconf 74' lang='lat' dir='ltr'>nudor,</span> <span class='ocrx_word' id='word_1_300' title='bbox 1134 3965 1244 4019; x_wconf 75' lang='lat' dir='ltr'>Nr&#39;colao</span> 
     </span>
     <span class='ocr_line' id='line_1_39' title="bbox 120 4034 1244 4104; baseline 0.002 -16"><span class='ocrx_word' id='word_1_301' title='bbox 120 4037 218 4104; x_wconf 65' lang='lat' dir='ltr'>sauss,</span> <span class='ocrx_word' id='word_1_302' title='bbox 239 4035 377 4100; x_wconf 75' lang='lat' dir='ltr'>infidelem</span> <span class='ocrx_word' id='word_1_303' title='bbox 395 4041 475 4100; x_wconf 71' lang='lat' dir='ltr'>mat,</span> <span class='ocrx_word' id='word_1_304' title='bbox 502 4049 554 4101; x_wconf 74' lang='lat' dir='ltr'>quo</span> <span class='ocrx_word' id='word_1_305' title='bbox 571 4034 641 4086; x_wconf 80' lang='lat' dir='ltr'>banc</span> <span class='ocrx_word' id='word_1_306' title='bbox 662 4036 848 4088; x_wconf 67' lang='lat' dir='ltr'>martiam</span> <span class='ocrx_word' id='word_1_307' title='bbox 867 4036 1060 4101; x_wconf 76' lang='lat' dir='ltr'>quodammodo</span> <span class='ocrx_word' id='word_1_308' title='bbox 1084 4038 1244 4102; x_wconf 72' lang='lat' dir='ltr'>confimncre</span> 
     </span>
     <span class='ocr_line' id='line_1_40' title="bbox 120 4105 1243 4174; baseline 0 -14"><span class='ocrx_word' id='word_1_309' title='bbox 120 4107 228 4162; x_wconf 75' lang='lat' dir='ltr'>cicietur.</span> <span class='ocrx_word' id='word_1_310' title='bbox 305 4109 333 4174; x_wconf 78' lang='lat'>2)</span> <span class='ocrx_word' id='word_1_311' title='bbox 352 4105 406 4158; x_wconf 76' lang='lat' dir='ltr'>Die</span> <span class='ocrx_word' id='word_1_312' title='bbox 418 4105 480 4161; x_wconf 79' lang='lat' dir='ltr'>Iun.</span> <span class='ocrx_word' id='word_1_313' title='bbox 489 4107 532 4162; x_wconf 78' lang='lat'>25.</span> <span class='ocrx_word' id='word_1_314' title='bbox 553 4105 594 4170; x_wconf 79' lang='lat' dir='ltr'>Cf.</span> <span class='ocrx_word' id='word_1_315' title='bbox 605 4105 706 4160; x_wconf 80' lang='lat' dir='ltr'>Necrcl.</span> <span class='ocrx_word' id='word_1_316' title='bbox 717 4105 815 4173; x_wconf 74' lang='lat' dir='ltr'>Iarnd,</span> <span class='ocrx_word' id='word_1_317' title='bbox 829 4105 978 4173; x_wconf 73' lang='lat' dir='ltr'>Lanpehele,</span> <span class='ocrx_word' id='word_1_318' title='bbox 998 4108 1045 4162; x_wconf 84' lang='lat' dir='ltr'>SS.</span> <span class='ocrx_word' id='word_1_319' title='bbox 1057 4108 1090 4160; x_wconf 81' lang='lat' dir='ltr'>R.</span> <span class='ocrx_word' id='word_1_320' title='bbox 1104 4107 1177 4162; x_wconf 83' lang='lat' dir='ltr'>Dan.</span> <span class='ocrx_word' id='word_1_321' title='bbox 1190 4109 1243 4172; x_wconf 87' lang='lat' dir='ltr'>III,</span> 
     </span>
     <span class='ocr_line' id='line_1_41' title="bbox 90 4175 1243 4246; baseline 0 -12"><span class='ocrx_word' id='word_1_322' title='bbox 90 4195 144 4244; x_wconf 70' lang='lat' dir='ltr'>ecp-</span> <span class='ocrx_word' id='word_1_323' title='bbox 164 4181 231 4246; x_wconf 69' lang='lat'><strong>450;</strong></span> <span class='ocrx_word' id='word_1_324' title='bbox 270 4177 354 4230; x_wconf 58' lang='lat' dir='ltr'>asae·</span> <span class='ocrx_word' id='word_1_325' title='bbox 380 4192 456 4231; x_wconf 78' lang='lat' dir='ltr'>mern.</span> <span class='ocrx_word' id='word_1_326' title='bbox 480 4175 570 4231; x_wconf 65' lang='lat' dir='ltr'>hand.</span> <span class='ocrx_word' id='word_1_327' title='bbox 596 4177 635 4230; x_wconf 79' lang='lat' dir='ltr'>cd.</span> <span class='ocrx_word' id='word_1_328' title='bbox 661 4177 691 4232; x_wconf 83' lang='lat'>0.</span> <span class='ocrx_word' id='word_1_329' title='bbox 712 4177 802 4230; x_wconf 68' lang='lat' dir='ltr'>chkc</span> <span class='ocrx_word' id='word_1_330' title='bbox 829 4178 855 4243; x_wconf 91' lang='lat' dir='ltr'>I,</span> <span class='ocrx_word' id='word_1_331' title='bbox 880 4181 991 4245; x_wconf 75' lang='lat' dir='ltr'>pllio.</span> <span class='ocrx_word' id='word_1_332' title='bbox 1033 4179 1145 4232; x_wconf 61' lang='lat' dir='ltr'>Praeter</span> <span class='ocrx_word' id='word_1_333' title='bbox 1171 4180 1243 4235; x_wconf 73' lang='lat' dir='ltr'>Her.</span> 
     </span>
     <span class='ocr_line' id='line_1_42' title="bbox 121 4247 1242 4317; baseline 0.002 -17"><span class='ocrx_word' id='word_1_334' title='bbox 121 4249 238 4303; x_wconf 64' lang='lat' dir='ltr'>eorem.</span> <span class='ocrx_word' id='word_1_335' title='bbox 268 4249 307 4314; x_wconf 78' lang='lat' dir='ltr'>cs.</span> <span class='ocrx_word' id='word_1_336' title='bbox 334 4247 373 4300; x_wconf 79' lang='lat' dir='ltr'>cd</span> <span class='ocrx_word' id='word_1_337' title='bbox 399 4263 457 4300; x_wconf 73' lang='lat' dir='ltr'>rem</span> <span class='ocrx_word' id='word_1_338' title='bbox 479 4247 598 4300; x_wconf 65' lang='lat' dir='ltr'>Saxone</span> <span class='ocrx_word' id='word_1_339' title='bbox 621 4249 700 4301; x_wconf 71' lang='lat' dir='ltr'>(loeta</span> <span class='ocrx_word' id='word_1_340' title='bbox 723 4250 794 4302; x_wconf 80' lang='lat' dir='ltr'>Dan.</span> <span class='ocrx_word' id='word_1_341' title='bbox 821 4249 838 4303; x_wconf 86' lang='grc' dir='ltr'>Ι.</span> <span class='ocrx_word' id='word_1_342' title='bbox 859 4249 948 4314; x_wconf 88' lang='lat' dir='ltr'>XIII,</span> <span class='ocrx_word' id='word_1_343' title='bbox 976 4252 998 4316; x_wconf 75' lang='lat' dir='ltr'>f.</span> <span class='ocrx_word' id='word_1_344' title='bbox 1016 4269 1113 4317; x_wconf 77' lang='lat' dir='ltr'>cxxx,</span> <span class='ocrx_word' id='word_1_345' title='bbox 1143 4251 1242 4304; x_wconf 68' lang='lat' dir='ltr'>ceron.</span> 
     </span>
     <span class='ocr_line' id='line_1_43' title="bbox 121 4319 1244 4389; baseline 0.002 -17"><span class='ocrx_word' id='word_1_346' title='bbox 121 4319 250 4386; x_wconf 58' lang='lat' dir='ltr'>Salona,</span> <span class='ocrx_word' id='word_1_347' title='bbox 271 4319 497 4386; x_wconf 70' lang='lat' dir='ltr'>KnytlInqoecpc</span> <span class='ocrx_word' id='word_1_348' title='bbox 514 4333 535 4373; x_wconf 91' lang='lat' dir='ltr'>c.</span> <span class='ocrx_word' id='word_1_349' title='bbox 548 4321 592 4386; x_wconf 76' lang='lat'>98,</span> <span class='ocrx_word' id='word_1_350' title='bbox 612 4319 659 4374; x_wconf 81' lang='lat' dir='ltr'>SS.</span> <span class='ocrx_word' id='word_1_351' title='bbox 679 4319 787 4389; x_wconf 82' lang='lat' dir='ltr'>XXIX,</span> <span class='ocrx_word' id='word_1_352' title='bbox 807 4337 837 4387; x_wconf 82' lang='lat' dir='ltr'>p.</span> <span class='ocrx_word' id='word_1_353' title='bbox 849 4323 893 4377; x_wconf 86' lang='grc'>84.</span> <span class='ocrx_word' id='word_1_354' title='bbox 912 4322 974 4376; x_wconf 78' lang='lat'><strong>212.</strong></span> <span class='ocrx_word' id='word_1_355' title='bbox 993 4324 1053 4377; x_wconf 83' lang='lat'>301.</span> <span class='ocrx_word' id='word_1_356' title='bbox 1138 4321 1166 4388; x_wconf 90' lang='grc'>3)</span> <span class='ocrx_word' id='word_1_357' title='bbox 1184 4321 1244 4374; x_wconf 82' lang='lat' dir='ltr'>Non</span> 
     </span>
     <span class='ocr_line' id='line_1_44' title="bbox 120 4389 1245 4515; baseline 0.001 -72"><span class='ocrx_word' id='word_1_358' title='bbox 120 4390 159 4512; x_wconf 47' lang='lat' dir='ltr'>lou</span> <span class='ocrx_word' id='word_1_359' title='bbox 175 4394 249 4515; x_wconf 53' lang='grc' dir='ltr'><em>Ἣ</em></span> <span class='ocrx_word' id='word_1_360' title='bbox 262 4395 289 4458; x_wconf 90' lang='lat'>1,</span> <span class='ocrx_word' id='word_1_361' title='bbox 311 4391 357 4443; x_wconf 77' lang='lat' dir='ltr'>scd</span> <span class='ocrx_word' id='word_1_362' title='bbox 374 4391 446 4456; x_wconf 69' lang='lat' dir='ltr'>Any.</span> <span class='ocrx_word' id='word_1_363' title='bbox 460 4392 506 4458; x_wconf 76' lang='lat'>153</span> <span class='ocrx_word' id='word_1_364' title='bbox 524 4391 560 4454; x_wconf 77' lang='lat' dir='ltr'>cf.</span> <span class='ocrx_word' id='word_1_365' title='bbox 579 4389 738 4442; x_wconf 73' lang='lat' dir='ltr'>Bemhords&#39;</span> <span class='ocrx_word' id='word_1_366' title='bbox 754 4391 772 4444; x_wconf 81' lang='lat' dir='ltr'>l.</span> <span class='ocrx_word' id='word_1_367' title='bbox 791 4391 808 4446; x_wconf 89' lang='lat' dir='ltr'>l.</span> <span class='ocrx_word' id='word_1_368' title='bbox 825 4410 853 4460; x_wconf 85' lang='lat' dir='ltr'>p.</span> <span class='ocrx_word' id='word_1_369' title='bbox 873 4395 935 4458; x_wconf 79' lang='lat'>572,</span> <span class='ocrx_word' id='word_1_370' title='bbox 954 4409 981 4448; x_wconf 81' lang='lat' dir='ltr'>n.</span> <span class='ocrx_word' id='word_1_371' title='bbox 993 4395 1036 4448; x_wconf 80' lang='lat'>27.</span> <span class='ocrx_word' id='word_1_372' title='bbox 1109 4395 1137 4460; x_wconf 87' lang='grc'>4)</span> <span class='ocrx_word' id='word_1_373' title='bbox 1154 4393 1245 4445; x_wconf 77' lang='lat' dir='ltr'>Bolec-</span> 
     </span>
     <span class='ocr_line' id='line_1_45' title="bbox 146 4479 253 4518; baseline 0.037 -4"><span class='ocrx_word' id='word_1_374' title='bbox 146 4479 179 4514; x_wconf 76' lang='lat' dir='ltr'>ur</span> <span class='ocrx_word' id='word_1_375' title='bbox 246 4505 253 4518; x_wconf 95' lang='lat'>.</span> 
     </span>
    </p>
   </div>
   <div class='ocr_carea' id='block_1_8' title="bbox 0 0 1578 4990">
    <p class='ocr_par' dir='ltr' id='par_1_10' title="bbox 0 0 1578 4990">
     <span class='ocr_line' id='line_1_46' title="bbox 0 0 1578 4990; baseline 0 0"><span class='ocrx_word' id='word_1_376' title='bbox 0 0 1578 4990; x_wconf 95' lang='lat' dir='ltr'> </span> 
     </span>
    </p>
   </div>
  </div>
 </body>
</html>
