<?xml version="1.0" encoding="UTF-8"?>
<!DOCTYPE html PUBLIC "-//W3C//DTD XHTML 1.0 Transitional//EN"
    "http://www.w3.org/TR/xhtml1/DTD/xhtml1-transitional.dtd">
<html xmlns="http://www.w3.org/1999/xhtml" xml:lang="en" lang="en">
 <head>
  <title>
</title>
<meta http-equiv="Content-Type" content="text/html;charset=utf-8" />
  <meta name='ocr-system' content='tesseract 3.04.00' />
  <meta name='ocr-capabilities' content='ocr_page ocr_carea ocr_par ocr_line ocrx_word'/>
</head>
<body>
  <div class='ocr_page' id='page_1' title='image "./monumentaerphes00monagoog_0740.png"; bbox 0 0 3208 5006; ppageno 0'>
   <div class='ocr_carea' id='block_1_1' title="bbox 310 486 1207 547">
    <p class='ocr_par' dir='ltr' id='par_1_1' title="bbox 310 486 1207 547">
     <span class='ocr_line' id='line_1_1' title="bbox 310 486 1207 547; baseline -0.003 0"><span class='ocrx_word' id='word_1_1' title='bbox 310 494 363 547; x_wconf 88' lang='grc'><em>730</em></span> <span class='ocrx_word' id='word_1_2' title='bbox 531 487 649 544; x_wconf 78' lang='lat' dir='ltr'><strong><em>LIBER</em></strong></span> <span class='ocrx_word' id='word_1_3' title='bbox 667 487 920 544; x_wconf 84' lang='lat' dir='ltr'><strong><em>ORONICORUM</em></strong></span> <span class='ocrx_word' id='word_1_4' title='bbox 937 486 1207 544; x_wconf 74' lang='lat' dir='ltr'><em>nunonnnnsis.</em></span> 
     </span>
    </p>
   </div>
   <div class='ocr_carea' id='block_1_2' title="bbox 302 669 1474 2174">
    <p class='ocr_par' dir='ltr' id='par_1_2' title="bbox 302 669 1474 1716">
     <span class='ocr_line' id='line_1_2' title="bbox 420 669 1430 756; baseline 0.001 -20"><span class='ocrx_word' id='word_1_5' title='bbox 420 670 448 756; x_wconf 84' lang='lat'><em>1)</em></span> <span class='ocrx_word' id='word_1_6' title='bbox 479 671 679 738; x_wconf 77' lang='lat' dir='ltr'><em>bibliothecae</em></span> <span class='ocrx_word' id='word_1_7' title='bbox 707 669 927 737; x_wconf 84' lang='lat' dir='ltr'><em>universitatis</em></span> <span class='ocrx_word' id='word_1_8' title='bbox 949 670 1241 754; x_wconf 81' lang='lat' dir='ltr'><em>anclnnensis</em></span> <span class='ocrx_word' id='word_1_9' title='bbox 1263 670 1430 752; x_wconf 76' lang='lat' dir='ltr'><em>Baton,</em></span> 
     </span>
     <span class='ocr_line' id='line_1_3' title="bbox 309 758 1430 845; baseline -0.002 -19"><span class='ocrx_word' id='word_1_10' title='bbox 309 762 396 828; x_wconf 90' lang='lat' dir='ltr'><em>Bibl.</em></span> <span class='ocrx_word' id='word_1_11' title='bbox 420 761 569 844; x_wconf 75' lang='lat' dir='ltr'><em>publicae</em></span> <span class='ocrx_word' id='word_1_12' title='bbox 591 759 730 826; x_wconf 79' lang='lat' dir='ltr'><em>Latinae</em></span> <span class='ocrx_word' id='word_1_13' title='bbox 756 780 806 825; x_wconf 90' lang='lat' dir='ltr'><em>nr.</em></span> <span class='ocrx_word' id='word_1_14' title='bbox 832 766 885 839; x_wconf 88' lang='grc'><em>31,</em></span> <span class='ocrx_word' id='word_1_15' title='bbox 916 760 1015 826; x_wconf 79' lang='lat' dir='ltr'><em>cltart.</em></span> <span class='ocrx_word' id='word_1_16' title='bbox 1039 759 1106 842; x_wconf 77' lang='lat' dir='ltr'><em>fol,</em></span> <span class='ocrx_word' id='word_1_17' title='bbox 1137 767 1200 824; x_wconf 87' lang='grc'><em>303</em></span> <span class='ocrx_word' id='word_1_18' title='bbox 1231 758 1430 845; x_wconf 77' lang='grc'><strong>(61166307)</strong></span> 
     </span>
     <span class='ocr_line' id='line_1_4' title="bbox 309 849 1432 931; baseline -0.001 -16"><span class='ocrx_word' id='word_1_19' title='bbox 309 850 469 931; x_wconf 76' lang='lat' dir='ltr'><em>foliorum,</em></span> <span class='ocrx_word' id='word_1_20' title='bbox 494 849 628 916; x_wconf 78' lang='grc'><strong>11666616</strong></span> <span class='ocrx_word' id='word_1_21' title='bbox 656 849 804 914; x_wconf 79' lang='lat' dir='ltr'><em>manibtcs</em></span> <span class='ocrx_word' id='word_1_22' title='bbox 829 869 989 914; x_wconf 78' lang='grc'><strong>66666666</strong></span> <span class='ocrx_word' id='word_1_23' title='bbox 1014 854 1109 913; x_wconf 84' lang='grc'><strong>1456.</strong></span> <span class='ocrx_word' id='word_1_24' title='bbox 1140 854 1288 914; x_wconf 84' lang='grc'><strong>611457.</strong></span> <span class='ocrx_word' id='word_1_25' title='bbox 1314 849 1432 928; x_wconf 82' lang='lat' dir='ltr'><em>Erfor-</em></span> 
     </span>
     <span class='ocr_line' id='line_1_5' title="bbox 310 937 1430 1021; baseline 0 -17"><span class='ocrx_word' id='word_1_26' title='bbox 310 939 382 1004; x_wconf 84' lang='lat' dir='ltr'><em>diae</em></span> <span class='ocrx_word' id='word_1_27' title='bbox 416 939 551 1021; x_wconf 79' lang='lat' dir='ltr'><em>scriptas</em></span> <span class='ocrx_word' id='word_1_28' title='bbox 561 940 582 1002; x_wconf 85' lang='lat'><em>².</em></span> <span class='ocrx_word' id='word_1_29' title='bbox 629 938 671 1002; x_wconf 86' lang='lat' dir='ltr'><em>F.</em></span> <span class='ocrx_word' id='word_1_30' title='bbox 698 942 885 1002; x_wconf 89' lang='grc'><strong>187-306.</strong></span> <span class='ocrx_word' id='word_1_31' title='bbox 915 959 984 1003; x_wconf 89' lang='lat' dir='ltr'><em>nna</em></span> <span class='ocrx_word' id='word_1_32' title='bbox 1016 959 1124 1020; x_wconf 77' lang='lat' dir='ltr'><em>nnana,</em></span> <span class='ocrx_word' id='word_1_33' title='bbox 1159 958 1241 1021; x_wconf 85' lang='grc'><strong>6666</strong></span> <span class='ocrx_word' id='word_1_34' title='bbox 1269 937 1308 1002; x_wconf 92' lang='lat' dir='ltr'><em>in</em></span> <span class='ocrx_word' id='word_1_35' title='bbox 1335 958 1430 1020; x_wconf 81' lang='lat' dir='ltr'><em>prae</em></span> 
     </span>
     <span class='ocr_line' id='line_1_6' title="bbox 310 1025 1459 1108; baseline 0.001 -14"><span class='ocrx_word' id='word_1_36' title='bbox 310 1028 488 1094; x_wconf 77' lang='lat' dir='ltr'><em>cedentibus</em></span> <span class='ocrx_word' id='word_1_37' title='bbox 517 1027 609 1092; x_wconf 85' lang='lat' dir='ltr'><em>libris</em></span> <span class='ocrx_word' id='word_1_38' title='bbox 638 1048 703 1092; x_wconf 91' lang='lat' dir='ltr'><em>non</em></span> <span class='ocrx_word' id='word_1_39' title='bbox 733 1025 877 1108; x_wconf 81' lang='lat' dir='ltr'><em>occurrit,</em></span> <span class='ocrx_word' id='word_1_40' title='bbox 909 1025 1009 1091; x_wconf 82' lang='lat' dir='ltr'><em>Liber</em></span> <span class='ocrx_word' id='word_1_41' title='bbox 1035 1027 1233 1093; x_wconf 77' lang='grc'><strong>6666166666</strong></span> <span class='ocrx_word' id='word_1_42' title='bbox 1261 1026 1343 1092; x_wconf 85' lang='lat' dir='ltr'><em>satis</em></span> <span class='ocrx_word' id='word_1_43' title='bbox 1365 1049 1459 1108; x_wconf 81' lang='lat' dir='ltr'><em>pros</em></span> 
     </span>
     <span class='ocr_line' id='line_1_7' title="bbox 310 1115 1432 1199; baseline -0.002 -17"><span class='ocrx_word' id='word_1_44' title='bbox 310 1125 443 1199; x_wconf 81' lang='lat' dir='ltr'><em>ternpore</em></span> <span class='ocrx_word' id='word_1_45' title='bbox 476 1122 622 1181; x_wconf 80' lang='grc'><strong>66666616</strong></span> <span class='ocrx_word' id='word_1_46' title='bbox 655 1115 791 1196; x_wconf 86' lang='lat' dir='ltr'><em>scriptas</em></span> <span class='ocrx_word' id='word_1_47' title='bbox 824 1122 878 1197; x_wconf 84' lang='lat' dir='ltr'><em>est,</em></span> <span class='ocrx_word' id='word_1_48' title='bbox 913 1115 1076 1180; x_wconf 72' lang='lat' dir='ltr'><em>sententiis</em></span> <span class='ocrx_word' id='word_1_49' title='bbox 1109 1115 1190 1180; x_wconf 90' lang='lat' dir='ltr'><em>satis</em></span> <span class='ocrx_word' id='word_1_50' title='bbox 1218 1117 1293 1182; x_wconf 91' lang='lat' dir='ltr'><em>bene</em></span> <span class='ocrx_word' id='word_1_51' title='bbox 1326 1115 1432 1198; x_wconf 79' lang='lat' dir='ltr'><em>sipnis</em></span> 
     </span>
     <span class='ocr_line' id='line_1_8' title="bbox 302 1204 1432 1288; baseline -0.002 -16"><span class='ocrx_word' id='word_1_52' title='bbox 302 1205 420 1288; x_wconf 86' lang='lat' dir='ltr'><em>paneis</em></span> <span class='ocrx_word' id='word_1_53' title='bbox 442 1204 601 1271; x_wconf 83' lang='lat' dir='ltr'><em>distinctis</em></span> <span class='ocrx_word' id='word_1_54' title='bbox 610 1207 632 1267; x_wconf 78' lang='lat'><em>².</em></span> <span class='ocrx_word' id='word_1_55' title='bbox 677 1204 776 1270; x_wconf 85' lang='lat' dir='ltr'><em>Folia</em></span> <span class='ocrx_word' id='word_1_56' title='bbox 792 1210 866 1268; x_wconf 81' lang='grc'><strong>301.</strong></span> <span class='ocrx_word' id='word_1_57' title='bbox 884 1209 959 1267; x_wconf 87' lang='grc'><strong>303.</strong></span> <span class='ocrx_word' id='word_1_58' title='bbox 978 1210 1008 1269; x_wconf 88' lang='grc'><em>61</em></span> <span class='ocrx_word' id='word_1_59' title='bbox 1028 1211 1200 1270; x_wconf 79' lang='grc'><strong>6616666666</strong></span> <span class='ocrx_word' id='word_1_60' title='bbox 1223 1210 1298 1270; x_wconf 89' lang='grc'><em>307.</em></span> <span class='ocrx_word' id='word_1_61' title='bbox 1322 1204 1432 1270; x_wconf 74' lang='lat' dir='ltr'><em>occisa</em></span> 
     </span>
     <span class='ocr_line' id='line_1_9' title="bbox 309 1292 1431 1377; baseline -0.002 -17"><span class='ocrx_word' id='word_1_62' title='bbox 309 1301 392 1377; x_wconf 84' lang='grc'><strong>6661,</strong></span> <span class='ocrx_word' id='word_1_63' title='bbox 423 1315 554 1376; x_wconf 78' lang='grc'><strong>6666666</strong></span> <span class='ocrx_word' id='word_1_64' title='bbox 575 1293 654 1374; x_wconf 82' lang='lat' dir='ltr'><em>folio</em></span> <span class='ocrx_word' id='word_1_65' title='bbox 683 1299 818 1358; x_wconf 73' lang='lat' dir='ltr'><em>extremo</em></span> <span class='ocrx_word' id='word_1_66' title='bbox 844 1292 939 1358; x_wconf 84' lang='lat' dir='ltr'><em>etiarn</em></span> <span class='ocrx_word' id='word_1_67' title='bbox 961 1293 1149 1376; x_wconf 76' lang='lat' dir='ltr'><em>subscriptio</em></span> <span class='ocrx_word' id='word_1_68' title='bbox 1170 1293 1294 1359; x_wconf 88' lang='lat' dir='ltr'><em>scribae</em></span> <span class='ocrx_word' id='word_1_69' title='bbox 1317 1292 1431 1375; x_wconf 85' lang='lat' dir='ltr'><em>periit,</em></span> 
     </span>
     <span class='ocr_line' id='line_1_10' title="bbox 309 1381 1431 1464; baseline -0.002 -16"><span class='ocrx_word' id='word_1_70' title='bbox 309 1386 365 1449; x_wconf 86' lang='lat' dir='ltr'><em>secl</em></span> <span class='ocrx_word' id='word_1_71' title='bbox 392 1381 535 1449; x_wconf 77' lang='lat' dir='ltr'><em>habitari</em></span> <span class='ocrx_word' id='word_1_72' title='bbox 564 1381 679 1464; x_wconf 85' lang='grc'><strong>666611,</strong></span> <span class='ocrx_word' id='word_1_73' title='bbox 712 1381 791 1463; x_wconf 86' lang='grc'><strong>6616</strong></span> <span class='ocrx_word' id='word_1_74' title='bbox 821 1381 900 1447; x_wconf 88' lang='lat' dir='ltr'><em>liber</em></span> <span class='ocrx_word' id='word_1_75' title='bbox 929 1383 1034 1447; x_wconf 84' lang='lat' dir='ltr'><em>eodem</em></span> <span class='ocrx_word' id='word_1_76' title='bbox 1060 1381 1188 1447; x_wconf 87' lang='lat' dir='ltr'><em>omnino</em></span> <span class='ocrx_word' id='word_1_77' title='bbox 1212 1388 1431 1464; x_wconf 77' lang='lat' dir='ltr'><em>temporeque</em></span> 
     </span>
     <span class='ocr_line' id='line_1_11' title="bbox 304 1469 1474 1555; baseline 0.001 -17"><span class='ocrx_word' id='word_1_78' title='bbox 304 1475 527 1555; x_wconf 70' lang='lat' dir='ltr'><em>pinciana</em></span> <span class='ocrx_word' id='word_1_79' title='bbox 541 1471 618 1536; x_wconf 89' lang='lat' dir='ltr'><em>libri</em></span> <span class='ocrx_word' id='word_1_80' title='bbox 628 1469 808 1550; x_wconf 83' lang='lat' dir='ltr'><em>Erfordiae</em></span> <span class='ocrx_word' id='word_1_81' title='bbox 822 1469 959 1553; x_wconf 75' lang='lat' dir='ltr'><em>scriptus</em></span> <span class='ocrx_word' id='word_1_82' title='bbox 973 1469 1024 1535; x_wconf 88' lang='lat' dir='ltr'><em>sit.</em></span> <span class='ocrx_word' id='word_1_83' title='bbox 1049 1471 1121 1536; x_wconf 89' lang='lat' dir='ltr'><em>Hoc</em></span> <span class='ocrx_word' id='word_1_84' title='bbox 1135 1470 1239 1537; x_wconf 79' lang='lat' dir='ltr'><em>coelice</em></span> <span class='ocrx_word' id='word_1_85' title='bbox 1251 1472 1297 1535; x_wconf 86' lang='lat' dir='ltr'><em>K.</em></span> <span class='ocrx_word' id='word_1_86' title='bbox 1311 1471 1432 1537; x_wconf 82' lang='lat' dir='ltr'><em>Wencb</em></span> <span class='ocrx_word' id='word_1_87' title='bbox 1443 1501 1474 1539; x_wconf 84' lang='grc' dir='ltr'><em>ιο</em></span> 
     </span>
     <span class='ocr_line' id='line_1_12' title="bbox 309 1559 1431 1642; baseline -0.002 -16"><span class='ocrx_word' id='word_1_88' title='bbox 309 1583 385 1626; x_wconf 85' lang='lat' dir='ltr'><em>nens</em></span> <span class='ocrx_word' id='word_1_89' title='bbox 407 1567 452 1626; x_wconf 90' lang='lat' dir='ltr'><em>est</em></span> <span class='ocrx_word' id='word_1_90' title='bbox 474 1562 519 1626; x_wconf 81' lang='lat' dir='ltr'><em>acl</em></span> <span class='ocrx_word' id='word_1_91' title='bbox 537 1566 649 1642; x_wconf 89' lang='lat' dir='ltr'><em>partes</em></span> <span class='ocrx_word' id='word_1_92' title='bbox 671 1559 748 1625; x_wconf 81' lang='lat' dir='ltr'><em>libri</em></span> <span class='ocrx_word' id='word_1_93' title='bbox 770 1560 925 1642; x_wconf 78' lang='grc'><strong>66661666</strong></span> <span class='ocrx_word' id='word_1_94' title='bbox 948 1561 1093 1641; x_wconf 80' lang='lat' dir='ltr'><em>edendas,</em></span> <span class='ocrx_word' id='word_1_95' title='bbox 1117 1562 1173 1626; x_wconf 82' lang='lat' dir='ltr'><em>sed</em></span> <span class='ocrx_word' id='word_1_96' title='bbox 1193 1581 1307 1626; x_wconf 86' lang='lat' dir='ltr'><em>raram</em></span> <span class='ocrx_word' id='word_1_97' title='bbox 1329 1561 1431 1626; x_wconf 88' lang='lat' dir='ltr'><em>lectio-</em></span> 
     </span>
     <span class='ocr_line' id='line_1_13' title="bbox 310 1648 628 1716; baseline -0.013 0"><span class='ocrx_word' id='word_1_98' title='bbox 310 1673 381 1716; x_wconf 87' lang='lat' dir='ltr'><em>nem</em></span> <span class='ocrx_word' id='word_1_99' title='bbox 402 1650 471 1715; x_wconf 89' lang='lat' dir='ltr'><em>eins</em></span> <span class='ocrx_word' id='word_1_100' title='bbox 493 1648 628 1715; x_wconf 70' lang='grc'><strong>61161113.</strong></span> 
     </span>
    </p>

    <p class='ocr_par' dir='ltr' id='par_1_3' title="bbox 310 1736 1470 2174">
     <span class='ocr_line' id='line_1_14' title="bbox 418 1736 1429 1822; baseline 0 -20"><span class='ocrx_word' id='word_1_101' title='bbox 418 1737 473 1822; x_wconf 76' lang='lat'><em>1⁸)</em></span> <span class='ocrx_word' id='word_1_102' title='bbox 507 1737 709 1803; x_wconf 78' lang='lat' dir='ltr'><em>bibliothecae</em></span> <span class='ocrx_word' id='word_1_103' title='bbox 739 1736 957 1803; x_wconf 78' lang='lat' dir='ltr'><em>universitatis</em></span> <span class='ocrx_word' id='word_1_104' title='bbox 994 1736 1363 1803; x_wconf 86' lang='lat' dir='ltr'><em>Wratislaoiensis</em></span> <span class='ocrx_word' id='word_1_105' title='bbox 1400 1738 1429 1802; x_wconf 89' lang='lat' dir='ltr'><em>I.</em></span> 
     </span>
     <span class='ocr_line' id='line_1_15' title="bbox 310 1825 1431 1909; baseline -0.004 -15"><span class='ocrx_word' id='word_1_106' title='bbox 310 1829 381 1894; x_wconf 83' lang='lat' dir='ltr'><em>Fal.</em></span> <span class='ocrx_word' id='word_1_107' title='bbox 398 1835 470 1909; x_wconf 81' lang='lat'><strong>121,</strong></span> <span class='ocrx_word' id='word_1_108' title='bbox 487 1827 586 1893; x_wconf 83' lang='lat' dir='ltr'><em>cltart.</em></span> <span class='ocrx_word' id='word_1_109' title='bbox 603 1827 670 1908; x_wconf 69' lang='lat' dir='ltr'><em>fol„</em></span> <span class='ocrx_word' id='word_1_110' title='bbox 689 1825 923 1907; x_wconf 70' lang='grc'><strong>6191611666,</strong></span> <span class='ocrx_word' id='word_1_111' title='bbox 939 1846 1072 1908; x_wconf 77' lang='grc'><strong>6666666</strong></span> <span class='ocrx_word' id='word_1_112' title='bbox 1086 1826 1113 1906; x_wconf 84' lang='lat' dir='ltr'><em>f.</em></span> <span class='ocrx_word' id='word_1_113' title='bbox 1128 1832 1268 1891; x_wconf 86' lang='grc'><strong>1-139.</strong></span> <span class='ocrx_word' id='word_1_114' title='bbox 1293 1826 1431 1892; x_wconf 67' lang='lat' dir='ltr'><em>[fibram</em></span> 
     </span>
     <span class='ocr_line' id='line_1_16' title="bbox 310 1914 1470 1997; baseline -0.005 -14"><span class='ocrx_word' id='word_1_115' title='bbox 310 1917 508 1983; x_wconf 73' lang='grc'><strong>6166166666</strong></span> <span class='ocrx_word' id='word_1_116' title='bbox 535 1937 603 1981; x_wconf 88' lang='lat' dir='ltr'><em>nna</em></span> <span class='ocrx_word' id='word_1_117' title='bbox 631 1936 730 1981; x_wconf 85' lang='lat' dir='ltr'><em>mana</em></span> <span class='ocrx_word' id='word_1_118' title='bbox 759 1936 840 1981; x_wconf 86' lang='lat' dir='ltr'><em>saec.</em></span> <span class='ocrx_word' id='word_1_119' title='bbox 866 1915 945 1997; x_wconf 86' lang='lat' dir='ltr'><em>XV,</em></span> <span class='ocrx_word' id='word_1_120' title='bbox 975 1914 1065 1995; x_wconf 83' lang='lat' dir='ltr'><em>foliis</em></span> <span class='ocrx_word' id='word_1_121' title='bbox 1090 1914 1127 1980; x_wconf 92' lang='lat' dir='ltr'><em>in</em></span> <span class='ocrx_word' id='word_1_122' title='bbox 1151 1914 1245 1980; x_wconf 83' lang='lat' dir='ltr'><em>binae</em></span> <span class='ocrx_word' id='word_1_123' title='bbox 1267 1915 1470 1980; x_wconf 81' lang='lat' dir='ltr'><em>colamnasrs</em></span> 
     </span>
     <span class='ocr_line' id='line_1_17' title="bbox 310 2003 1431 2087; baseline -0.003 -16"><span class='ocrx_word' id='word_1_124' title='bbox 310 2005 431 2087; x_wconf 71' lang='lat' dir='ltr'><em>divisis,</em></span> <span class='ocrx_word' id='word_1_125' title='bbox 455 2005 553 2071; x_wconf 83' lang='lat' dir='ltr'><em>nimis</em></span> <span class='ocrx_word' id='word_1_126' title='bbox 567 2007 712 2070; x_wconf 77' lang='grc'><strong>66661666</strong></span> <span class='ocrx_word' id='word_1_127' title='bbox 734 2004 884 2085; x_wconf 78' lang='lat' dir='ltr'><em>scriptam</em></span> <span class='ocrx_word' id='word_1_128' title='bbox 907 2003 1075 2085; x_wconf 84' lang='lat' dir='ltr'><em>continent,</em></span> <span class='ocrx_word' id='word_1_129' title='bbox 1098 2003 1216 2069; x_wconf 81' lang='lat' dir='ltr'><em>dictam</em></span> <span class='ocrx_word' id='word_1_130' title='bbox 1233 2005 1431 2070; x_wconf 86' lang='lat' dir='ltr'><em>Ohronicon</em></span> 
     </span>
     <span class='ocr_line' id='line_1_18' title="bbox 311 2091 1432 2174; baseline -0.001 -15"><span class='ocrx_word' id='word_1_131' title='bbox 311 2095 461 2162; x_wconf 77' lang='grc'><strong>11666111.</strong></span> <span class='ocrx_word' id='word_1_132' title='bbox 508 2094 622 2160; x_wconf 81' lang='lat' dir='ltr'><em>Scriba</em></span> <span class='ocrx_word' id='word_1_133' title='bbox 644 2115 709 2158; x_wconf 90' lang='lat' dir='ltr'><em>non</em></span> <span class='ocrx_word' id='word_1_134' title='bbox 727 2114 835 2174; x_wconf 88' lang='lat' dir='ltr'><em>panca</em></span> <span class='ocrx_word' id='word_1_135' title='bbox 856 2114 895 2157; x_wconf 82' lang='lat' dir='ltr'><em>ec</em></span> <span class='ocrx_word' id='word_1_136' title='bbox 917 2091 1053 2158; x_wconf 86' lang='lat' dir='ltr'><em>arbitrio</em></span> <span class='ocrx_word' id='word_1_137' title='bbox 1075 2093 1209 2158; x_wconf 83' lang='lat' dir='ltr'><em>natavit</em></span> <span class='ocrx_word' id='word_1_138' title='bbox 1230 2093 1287 2174; x_wconf 85' lang='lat' dir='ltr'><em>cel,</em></span> <span class='ocrx_word' id='word_1_139' title='bbox 1309 2100 1345 2157; x_wconf 89' lang='lat' dir='ltr'><em>nt</em></span> <span class='ocrx_word' id='word_1_140' title='bbox 1367 2093 1432 2158; x_wconf 84' lang='lat' dir='ltr'><em>sibi</em></span> 
     </span>
    </p>
   </div>
   <div class='ocr_carea' id='block_1_3' title="bbox 310 2181 1467 2534">
    <p class='ocr_par' dir='ltr' id='par_1_4' title="bbox 310 2181 1467 2534">
     <span class='ocr_line' id='line_1_19' title="bbox 310 2181 1431 2264; baseline -0.002 -16"><span class='ocrx_word' id='word_1_141' title='bbox 310 2184 483 2264; x_wconf 77' lang='lat' dir='ltr'><em>videbator,</em></span> <span class='ocrx_word' id='word_1_142' title='bbox 508 2182 653 2248; x_wconf 87' lang='lat' dir='ltr'><em>correait.</em></span> <span class='ocrx_word' id='word_1_143' title='bbox 693 2184 759 2264; x_wconf 77' lang='lat' dir='ltr'><em>Qno</em></span> <span class='ocrx_word' id='word_1_144' title='bbox 783 2182 847 2248; x_wconf 90' lang='lat' dir='ltr'><em>loco</em></span> <span class='ocrx_word' id='word_1_145' title='bbox 871 2181 949 2247; x_wconf 93' lang='lat' dir='ltr'><em>liber</em></span> <span class='ocrx_word' id='word_1_146' title='bbox 963 2181 1081 2246; x_wconf 84' lang='lat' dir='ltr'><em>recenti</em></span> <span class='ocrx_word' id='word_1_147' title='bbox 1103 2188 1237 2264; x_wconf 87' lang='lat' dir='ltr'><em>ternpore</em></span> <span class='ocrx_word' id='word_1_148' title='bbox 1252 2189 1431 2264; x_wconf 82' lang='lat' dir='ltr'><em>compactas</em></span> 
     </span>
     <span class='ocr_line' id='line_1_20' title="bbox 310 2271 744 2355; baseline -0.009 -17"><span class='ocrx_word' id='word_1_149' title='bbox 310 2273 447 2355; x_wconf 81' lang='lat' dir='ltr'><em>scriptas</em></span> <span class='ocrx_word' id='word_1_150' title='bbox 469 2271 519 2354; x_wconf 89' lang='lat' dir='ltr'><em>sit,</em></span> <span class='ocrx_word' id='word_1_151' title='bbox 543 2293 609 2337; x_wconf 89' lang='lat' dir='ltr'><em>non</em></span> <span class='ocrx_word' id='word_1_152' title='bbox 625 2273 744 2353; x_wconf 84' lang='lat' dir='ltr'><em>patet⁴.</em></span> 
     </span>
     <span class='ocr_line' id='line_1_21' title="bbox 475 2358 1467 2426; baseline -0.004 0"><span class='ocrx_word' id='word_1_153' title='bbox 475 2361 604 2426; x_wconf 81' lang='lat' dir='ltr'><em>Codices</em></span> <span class='ocrx_word' id='word_1_154' title='bbox 626 2361 780 2425; x_wconf 84' lang='lat' dir='ltr'><em>secandae</em></span> <span class='ocrx_word' id='word_1_155' title='bbox 803 2358 915 2425; x_wconf 86' lang='lat' dir='ltr'><em>classis</em></span> <span class='ocrx_word' id='word_1_156' title='bbox 936 2367 1029 2426; x_wconf 74' lang='lat' dir='ltr'><em>sarit:</em></span> <span class='ocrx_word' id='word_1_157' title='bbox 1440 2383 1467 2422; x_wconf 81' lang='lat' dir='ltr'><em>so</em></span> 
     </span>
     <span class='ocr_line' id='line_1_22' title="bbox 418 2445 1427 2534; baseline -0.003 -21"><span class='ocrx_word' id='word_1_158' title='bbox 418 2445 452 2534; x_wconf 82' lang='lat'><em>2)</em></span> <span class='ocrx_word' id='word_1_159' title='bbox 484 2448 684 2514; x_wconf 78' lang='lat' dir='ltr'><em>bibliothecae</em></span> <span class='ocrx_word' id='word_1_160' title='bbox 713 2447 836 2514; x_wconf 76' lang='lat' dir='ltr'><em>bacalis</em></span> <span class='ocrx_word' id='word_1_161' title='bbox 870 2446 1225 2532; x_wconf 79' lang='lat' dir='ltr'><em>Guelferbytanae</em></span> <span class='ocrx_word' id='word_1_162' title='bbox 1248 2448 1427 2515; x_wconf 77' lang='lat' dir='ltr'><em>Helmstad.</em></span> 
     </span>
    </p>
   </div>
   <div class='ocr_carea' id='block_1_4' title="bbox 305 2621 1464 4537">
    <p class='ocr_par' dir='ltr' id='par_1_5' title="bbox 309 2621 1464 3404">
     <span class='ocr_line' id='line_1_23' title="bbox 312 2621 1429 2691; baseline -0.004 -12"><span class='ocrx_word' id='word_1_163' title='bbox 312 2625 338 2690; x_wconf 88' lang='lat'><em>1)</em></span> <span class='ocrx_word' id='word_1_164' title='bbox 355 2625 428 2675; x_wconf 85' lang='lat' dir='ltr'><em>Nam</em></span> <span class='ocrx_word' id='word_1_165' title='bbox 445 2626 468 2688; x_wconf 83' lang='lat' dir='ltr'><em>f.</em></span> <span class='ocrx_word' id='word_1_166' title='bbox 488 2625 555 2678; x_wconf 74' lang='lat'>66⁵.</span> <span class='ocrx_word' id='word_1_167' title='bbox 581 2623 649 2675; x_wconf 85' lang='lat' dir='ltr'><em>libro</em></span> <span class='ocrx_word' id='word_1_168' title='bbox 665 2623 833 2691; x_wconf 72' lang='grc'><strong>6666661661</strong></span> <span class='ocrx_word' id='word_1_169' title='bbox 848 2622 1026 2690; x_wconf 71' lang='lat' dir='ltr'><em>subscr-eptam</em></span> <span class='ocrx_word' id='word_1_170' title='bbox 1044 2629 1097 2676; x_wconf 81' lang='lat' dir='ltr'><em>est:</em></span> <span class='ocrx_word' id='word_1_171' title='bbox 1114 2621 1236 2691; x_wconf 75' lang='lat' dir='ltr'><em>Explicit</em></span> <span class='ocrx_word' id='word_1_172' title='bbox 1254 2622 1324 2676; x_wconf 83' lang='lat' dir='ltr'><em>liber</em></span> <span class='ocrx_word' id='word_1_173' title='bbox 1340 2639 1429 2676; x_wconf 81' lang='lat' dir='ltr'><em>nonus</em></span> 
     </span>
     <span class='ocr_line' id='line_1_24' title="bbox 311 2692 1429 2762; baseline -0.003 -13"><span class='ocrx_word' id='word_1_174' title='bbox 311 2701 338 2749; x_wconf 89' lang='grc'><em>61</em></span> <span class='ocrx_word' id='word_1_175' title='bbox 356 2695 468 2747; x_wconf 86' lang='lat' dir='ltr'><em>altimus</em></span> <span class='ocrx_word' id='word_1_176' title='bbox 480 2693 612 2748; x_wconf 77' lang='lat' dir='ltr'><em>Iohannis</em></span> <span class='ocrx_word' id='word_1_177' title='bbox 624 2692 735 2747; x_wconf 87' lang='lat' dir='ltr'><em>Bocacii</em></span> <span class='ocrx_word' id='word_1_178' title='bbox 753 2693 787 2747; x_wconf 88' lang='lat' dir='ltr'><em>de</em></span> <span class='ocrx_word' id='word_1_179' title='bbox 800 2692 937 2761; x_wconf 76' lang='lat' dir='ltr'><em>cartaldo,</em></span> <span class='ocrx_word' id='word_1_180' title='bbox 955 2692 1071 2747; x_wconf 83' lang='lat' dir='ltr'><em>nacione</em></span> <span class='ocrx_word' id='word_1_181' title='bbox 1089 2692 1250 2762; x_wconf 85' lang='lat' dir='ltr'><em>Florentini,</em></span> <span class='ocrx_word' id='word_1_182' title='bbox 1270 2692 1304 2746; x_wconf 85' lang='lat' dir='ltr'><em>de</em></span> <span class='ocrx_word' id='word_1_183' title='bbox 1323 2693 1429 2747; x_wconf 83' lang='lat' dir='ltr'><em>casibus</em></span> 
     </span>
     <span class='ocr_line' id='line_1_25' title="bbox 309 2763 1427 2834; baseline -0.002 -15"><span class='ocrx_word' id='word_1_184' title='bbox 309 2766 430 2820; x_wconf 87' lang='lat' dir='ltr'><em>virorum</em></span> <span class='ocrx_word' id='word_1_185' title='bbox 455 2763 610 2820; x_wconf 79' lang='lat' dir='ltr'><em>illustrium.</em></span> <span class='ocrx_word' id='word_1_186' title='bbox 648 2763 858 2834; x_wconf 81' lang='lat' dir='ltr'><em>Oompletusque</em></span> <span class='ocrx_word' id='word_1_187' title='bbox 886 2769 927 2818; x_wconf 87' lang='grc'><em>661</em></span> <span class='ocrx_word' id='word_1_188' title='bbox 952 2764 1021 2818; x_wconf 83' lang='lat' dir='ltr'><em>libor</em></span> <span class='ocrx_word' id='word_1_189' title='bbox 1045 2765 1097 2818; x_wconf 89' lang='grc'><strong>1616</strong></span> <span class='ocrx_word' id='word_1_190' title='bbox 1121 2782 1171 2834; x_wconf 87' lang='lat' dir='ltr'><em>per</em></span> <span class='ocrx_word' id='word_1_191' title='bbox 1198 2782 1243 2818; x_wconf 87' lang='lat' dir='ltr'><em>me</em></span> <span class='ocrx_word' id='word_1_192' title='bbox 1269 2763 1427 2818; x_wconf 82' lang='lat' dir='ltr'><em>GotIridum</em></span> 
     </span>
     <span class='ocr_line' id='line_1_26' title="bbox 309 2834 1463 2904; baseline 0.003 -14"><span class='ocrx_word' id='word_1_193' title='bbox 309 2835 426 2890; x_wconf 84' lang='lat' dir='ltr'><em>Walack</em></span> <span class='ocrx_word' id='word_1_194' title='bbox 451 2836 485 2891; x_wconf 87' lang='lat' dir='ltr'><em>de</em></span> <span class='ocrx_word' id='word_1_195' title='bbox 504 2834 611 2889; x_wconf 87' lang='lat' dir='ltr'><em>Bercka</em></span> <span class='ocrx_word' id='word_1_196' title='bbox 636 2835 672 2888; x_wconf 87' lang='lat' dir='ltr'><em>ad</em></span> <span class='ocrx_word' id='word_1_197' title='bbox 689 2834 880 2890; x_wconf 88' lang='lat' dir='ltr'><em>Portam-celi</em></span> <span class='ocrx_word' id='word_1_198' title='bbox 903 2836 931 2888; x_wconf 91' lang='lat' dir='ltr'><em>in</em></span> <span class='ocrx_word' id='word_1_199' title='bbox 952 2834 1091 2889; x_wconf 79' lang='lat' dir='ltr'><em>Erffordia</em></span> <span class='ocrx_word' id='word_1_200' title='bbox 1110 2835 1292 2904; x_wconf 79' lang='lat' dir='ltr'><em>Collegiatum</em></span> <span class='ocrx_word' id='word_1_201' title='bbox 1312 2836 1463 2904; x_wconf 76' lang='lat' dir='ltr'><em>Ampio-sc</em></span> 
     </span>
     <span class='ocr_line' id='line_1_27' title="bbox 309 2905 1427 2976; baseline 0 -14"><span class='ocrx_word' id='word_1_202' title='bbox 309 2909 421 2962; x_wconf 81' lang='lat' dir='ltr'><em>nianum</em></span> <span class='ocrx_word' id='word_1_203' title='bbox 446 2923 517 2961; x_wconf 88' lang='lat' dir='ltr'><em>anno</em></span> <span class='ocrx_word' id='word_1_204' title='bbox 536 2906 637 2960; x_wconf 73' lang='lat' dir='ltr'><em>Christi</em></span> <span class='ocrx_word' id='word_1_205' title='bbox 657 2909 734 2966; x_wconf 78' lang='lat'>1456.</span> <span class='ocrx_word' id='word_1_206' title='bbox 760 2906 789 2960; x_wconf 91' lang='lat' dir='ltr'><em>in</em></span> <span class='ocrx_word' id='word_1_207' title='bbox 806 2906 900 2976; x_wconf 81' lang='lat' dir='ltr'><em>vigilia</em></span> <span class='ocrx_word' id='word_1_208' title='bbox 917 2906 1106 2961; x_wconf 82' lang='lat' dir='ltr'><em>Bartholomsi</em></span> <span class='ocrx_word' id='word_1_209' title='bbox 1124 2908 1250 2976; x_wconf 85' lang='lat' dir='ltr'><em>apostoli.</em></span> <span class='ocrx_word' id='word_1_210' title='bbox 1287 2909 1319 2962; x_wconf 81' lang='lat' dir='ltr'><em>F.</em></span> <span class='ocrx_word' id='word_1_211' title='bbox 1343 2905 1427 2962; x_wconf 76' lang='lat' dir='ltr'><em>lblb.</em></span> 
     </span>
     <span class='ocr_line' id='line_1_28' title="bbox 310 2979 1428 3046; baseline -0.003 -12"><span class='ocrx_word' id='word_1_212' title='bbox 310 2981 357 3034; x_wconf 85' lang='lat' dir='ltr'><em>hoo</em></span> <span class='ocrx_word' id='word_1_213' title='bbox 385 2981 563 3046; x_wconf 74' lang='lat' dir='ltr'><em>eubsmptnm</em></span> <span class='ocrx_word' id='word_1_214' title='bbox 594 2980 691 3046; x_wconf 77' lang='lat' dir='ltr'><em>lepiner</em></span> <span class='ocrx_word' id='word_1_215' title='bbox 721 2980 851 3032; x_wconf 83' lang='lat' dir='ltr'><em>historiae</em></span> <span class='ocrx_word' id='word_1_216' title='bbox 880 2979 981 3031; x_wconf 75' lang='grc'><strong>66611111</strong></span> <span class='ocrx_word' id='word_1_217' title='bbox 1014 2979 1091 3032; x_wconf 74' lang='lat' dir='ltr'><em>rabis</em></span> <span class='ocrx_word' id='word_1_218' title='bbox 1121 2979 1428 3046; x_wconf 76' lang='lat' dir='ltr'><em>Constantinopolitanae</em></span> 
     </span>
     <span class='ocr_line' id='line_1_29' title="bbox 310 3051 1428 3117; baseline -0.002 -13"><span class='ocrx_word' id='word_1_219' title='bbox 310 3059 416 3104; x_wconf 75' lang='grc'><strong>6661666</strong></span> <span class='ocrx_word' id='word_1_220' title='bbox 435 3052 562 3116; x_wconf 75' lang='lat' dir='ltr'><em>Gotfrido</em></span> <span class='ocrx_word' id='word_1_221' title='bbox 573 3051 684 3117; x_wconf 77' lang='grc'><strong>1666116</strong></span> <span class='ocrx_word' id='word_1_222' title='bbox 701 3051 732 3103; x_wconf 84' lang='lat' dir='ltr'><em>de</em></span> <span class='ocrx_word' id='word_1_223' title='bbox 747 3051 901 3116; x_wconf 75' lang='lat' dir='ltr'><em>Diensbnrp,</em></span> <span class='ocrx_word' id='word_1_224' title='bbox 920 3066 996 3116; x_wconf 79' lang='grc'><strong>66666</strong></span> <span class='ocrx_word' id='word_1_225' title='bbox 1013 3052 1122 3117; x_wconf 76' lang='lat' dir='ltr'><em>scripsit</em></span> <span class='ocrx_word' id='word_1_226' title='bbox 1140 3051 1177 3102; x_wconf 85' lang='grc'><em>661</em></span> <span class='ocrx_word' id='word_1_227' title='bbox 1196 3051 1379 3103; x_wconf 70' lang='grc'><strong>0666161666</strong></span> <span class='ocrx_word' id='word_1_228' title='bbox 1397 3051 1428 3102; x_wconf 84' lang='grc'><em>616</em></span> 
     </span>
     <span class='ocr_line' id='line_1_30' title="bbox 310 3119 1427 3190; baseline -0.002 -14"><span class='ocrx_word' id='word_1_229' title='bbox 310 3124 451 3188; x_wconf 77' lang='grc'><strong>1166616616,</strong></span> <span class='ocrx_word' id='word_1_230' title='bbox 466 3124 649 3189; x_wconf 76' lang='lat' dir='ltr'><em>professorem</em></span> <span class='ocrx_word' id='word_1_231' title='bbox 667 3123 810 3187; x_wconf 79' lang='lat' dir='ltr'><em>theolopiae</em></span> <span class='ocrx_word' id='word_1_232' title='bbox 823 3121 1031 3186; x_wconf 75' lang='lat' dir='ltr'><em>Erfordensnn:</em></span> <span class='ocrx_word' id='word_1_233' title='bbox 1051 3119 1190 3190; x_wconf 83' lang='lat' dir='ltr'><em>Scriptum</em></span> <span class='ocrx_word' id='word_1_234' title='bbox 1202 3139 1252 3190; x_wconf 90' lang='lat' dir='ltr'><em>per</em></span> <span class='ocrx_word' id='word_1_235' title='bbox 1265 3119 1427 3174; x_wconf 88' lang='lat' dir='ltr'><em>Heinricum</em></span> 
     </span>
     <span class='ocr_line' id='line_1_31' title="bbox 309 3190 1464 3262; baseline 0 -14"><span class='ocrx_word' id='word_1_236' title='bbox 309 3193 413 3248; x_wconf 79' lang='lat' dir='ltr'><em>Eiwini</em></span> <span class='ocrx_word' id='word_1_237' title='bbox 432 3193 466 3247; x_wconf 88' lang='lat' dir='ltr'><em>de</em></span> <span class='ocrx_word' id='word_1_238' title='bbox 485 3191 596 3262; x_wconf 75' lang='lat' dir='ltr'><em>Budigfi</em></span> <span class='ocrx_word' id='word_1_239' title='bbox 615 3208 686 3246; x_wconf 84' lang='lat' dir='ltr'><em>anno</em></span> <span class='ocrx_word' id='word_1_240' title='bbox 704 3191 816 3244; x_wconf 82' lang='lat' dir='ltr'><em>Domini</em></span> <span class='ocrx_word' id='word_1_241' title='bbox 836 3194 914 3247; x_wconf 83' lang='lat'>1457.</span> <span class='ocrx_word' id='word_1_242' title='bbox 933 3190 1079 3247; x_wconf 81' lang='lat' dir='ltr'><em>Erffordie.</em></span> <span class='ocrx_word' id='word_1_243' title='bbox 1437 3210 1464 3248; x_wconf 94' lang='grc'><em>66</em></span> 
     </span>
     <span class='ocr_line' id='line_1_32' title="bbox 469 3261 1119 3332; baseline -0.002 -15"><span class='ocrx_word' id='word_1_244' title='bbox 469 3263 543 3317; x_wconf 84' lang='grc' dir='ltr'><strong>Η616</strong></span> <span class='ocrx_word' id='word_1_245' title='bbox 561 3265 596 3316; x_wconf 87' lang='grc'><em>616</em></span> <span class='ocrx_word' id='word_1_246' title='bbox 613 3263 737 3332; x_wconf 82' lang='lat' dir='ltr'><em>propicia</em></span> <span class='ocrx_word' id='word_1_247' title='bbox 755 3263 891 3330; x_wconf 80' lang='lat' dir='ltr'><em>scriptori,</em></span> <span class='ocrx_word' id='word_1_248' title='bbox 909 3279 1001 3331; x_wconf 86' lang='lat' dir='ltr'><em>queso,</em></span> <span class='ocrx_word' id='word_1_249' title='bbox 1020 3261 1119 3332; x_wconf 83' lang='lat' dir='ltr'><em>Maria,</em></span> 
     </span>
     <span class='ocr_line' id='line_1_33' title="bbox 469 3333 1266 3404; baseline 0.004 -15"><span class='ocrx_word' id='word_1_250' title='bbox 469 3334 572 3389; x_wconf 86' lang='lat' dir='ltr'><em>Natum</em></span> <span class='ocrx_word' id='word_1_251' title='bbox 590 3351 673 3402; x_wconf 85' lang='lat' dir='ltr'><em>posce</em></span> <span class='ocrx_word' id='word_1_252' title='bbox 690 3337 777 3400; x_wconf 84' lang='lat' dir='ltr'><em>tuum,</em></span> <span class='ocrx_word' id='word_1_253' title='bbox 795 3333 867 3388; x_wconf 83' lang='lat' dir='ltr'><em>ierat</em></span> <span class='ocrx_word' id='word_1_254' title='bbox 884 3333 957 3387; x_wconf 72' lang='lat' dir='ltr'><em>hinc</em></span> <span class='ocrx_word' id='word_1_255' title='bbox 975 3333 1011 3387; x_wconf 86' lang='lat' dir='ltr'><em>ad</em></span> <span class='ocrx_word' id='word_1_256' title='bbox 1028 3351 1114 3404; x_wconf 76' lang='lat' dir='ltr'><em>regna</em></span> <span class='ocrx_word' id='word_1_257' title='bbox 1131 3335 1266 3404; x_wconf 87' lang='lat' dir='ltr'><em>polorum.</em></span> 
     </span>
    </p>

    <p class='ocr_par' dir='ltr' id='par_1_6' title="bbox 305 3403 1462 4537">
     <span class='ocr_line' id='line_1_34' title="bbox 309 3403 1428 3474; baseline -0.002 -14"><span class='ocrx_word' id='word_1_258' title='bbox 309 3409 342 3462; x_wconf 81' lang='lat' dir='ltr'><em>F.</em></span> <span class='ocrx_word' id='word_1_259' title='bbox 357 3411 441 3463; x_wconf 74' lang='lat'>171⁰.</span> <span class='ocrx_word' id='word_1_260' title='bbox 460 3408 523 3460; x_wconf 85' lang='lat' dir='ltr'><em>hacc</em></span> <span class='ocrx_word' id='word_1_261' title='bbox 540 3407 698 3474; x_wconf 72' lang='grc'><strong>6616616116</strong></span> <span class='ocrx_word' id='word_1_262' title='bbox 717 3407 831 3473; x_wconf 78' lang='lat' dir='ltr'><em>lepitnr:</em></span> <span class='ocrx_word' id='word_1_263' title='bbox 849 3403 971 3474; x_wconf 81' lang='lat' dir='ltr'><em>Explicit</em></span> <span class='ocrx_word' id='word_1_264' title='bbox 988 3405 1058 3460; x_wconf 88' lang='lat' dir='ltr'><em>liber</em></span> <span class='ocrx_word' id='word_1_265' title='bbox 1070 3405 1175 3474; x_wconf 82' lang='lat' dir='ltr'><em>cyrilli,</em></span> <span class='ocrx_word' id='word_1_266' title='bbox 1192 3406 1341 3460; x_wconf 85' lang='lat' dir='ltr'><em>secundum</em></span> <span class='ocrx_word' id='word_1_267' title='bbox 1361 3405 1428 3459; x_wconf 85' lang='lat' dir='ltr'><em>alios</em></span> 
     </span>
     <span class='ocr_line' id='line_1_35' title="bbox 311 3475 1428 3546; baseline -0.002 -14"><span class='ocrx_word' id='word_1_268' title='bbox 311 3477 453 3545; x_wconf 79' lang='lat' dir='ltr'><em>Gwidrini,</em></span> <span class='ocrx_word' id='word_1_269' title='bbox 476 3477 525 3546; x_wconf 90' lang='lat' dir='ltr'><em>qni</em></span> <span class='ocrx_word' id='word_1_270' title='bbox 542 3477 698 3530; x_wconf 84' lang='lat' dir='ltr'><em>intitulatur</em></span> <span class='ocrx_word' id='word_1_271' title='bbox 716 3475 944 3545; x_wconf 86' lang='lat' dir='ltr'><em>quadripertitum</em></span> <span class='ocrx_word' id='word_1_272' title='bbox 963 3477 1075 3546; x_wconf 85' lang='lat' dir='ltr'><em>morale,</em></span> <span class='ocrx_word' id='word_1_273' title='bbox 1101 3477 1283 3546; x_wconf 83' lang='lat' dir='ltr'><em>liberalique</em></span> <span class='ocrx_word' id='word_1_274' title='bbox 1302 3476 1428 3546; x_wconf 79' lang='lat' dir='ltr'><em>egregins</em></span> 
     </span>
     <span class='ocr_line' id='line_1_36' title="bbox 310 3545 1462 3619; baseline 0.001 -17"><span class='ocrx_word' id='word_1_275' title='bbox 310 3553 392 3619; x_wconf 86' lang='lat' dir='ltr'><em>atque</em></span> <span class='ocrx_word' id='word_1_276' title='bbox 409 3566 493 3602; x_wconf 82' lang='lat' dir='ltr'><em>rann.</em></span> <span class='ocrx_word' id='word_1_277' title='bbox 525 3547 559 3602; x_wconf 95' lang='lat' dir='ltr'><em>In</em></span> <span class='ocrx_word' id='word_1_278' title='bbox 575 3545 714 3601; x_wconf 82' lang='lat' dir='ltr'><em>Erffordia</em></span> <span class='ocrx_word' id='word_1_279' title='bbox 731 3565 781 3615; x_wconf 87' lang='lat' dir='ltr'><em>per</em></span> <span class='ocrx_word' id='word_1_280' title='bbox 798 3547 952 3601; x_wconf 86' lang='lat' dir='ltr'><em>Iohannem</em></span> <span class='ocrx_word' id='word_1_281' title='bbox 971 3547 1005 3601; x_wconf 86' lang='lat' dir='ltr'><em>de</em></span> <span class='ocrx_word' id='word_1_282' title='bbox 1023 3549 1111 3616; x_wconf 79' lang='lat' dir='ltr'><em>Lyaeo</em></span> <span class='ocrx_word' id='word_1_283' title='bbox 1129 3548 1246 3616; x_wconf 85' lang='lat' dir='ltr'><em>scriptas</em></span> <span class='ocrx_word' id='word_1_284' title='bbox 1264 3565 1335 3601; x_wconf 84' lang='lat' dir='ltr'><em>anno</em></span> <span class='ocrx_word' id='word_1_285' title='bbox 1350 3550 1426 3604; x_wconf 81' lang='lat'>1456.</span> <span class='ocrx_word' id='word_1_286' title='bbox 1437 3563 1462 3604; x_wconf 84' lang='grc'><em>66</em></span> 
     </span>
     <span class='ocr_line' id='line_1_37' title="bbox 310 3619 1427 3688; baseline 0 -14"><span class='ocrx_word' id='word_1_287' title='bbox 310 3623 424 3688; x_wconf 81' lang='grc'><strong>11611666</strong></span> <span class='ocrx_word' id='word_1_288' title='bbox 441 3637 508 3688; x_wconf 75' lang='lat' dir='ltr'><em>qnae</em></span> <span class='ocrx_word' id='word_1_289' title='bbox 527 3620 594 3672; x_wconf 84' lang='lat' dir='ltr'><em>liber</em></span> <span class='ocrx_word' id='word_1_290' title='bbox 611 3622 743 3672; x_wconf 84' lang='lat' dir='ltr'><em>contineat</em></span> <span class='ocrx_word' id='word_1_291' title='bbox 768 3621 905 3672; x_wconf 82' lang='grc'><strong>6616616611</strong></span> <span class='ocrx_word' id='word_1_292' title='bbox 923 3619 959 3674; x_wconf 84' lang='lat' dir='ltr'><em>K.</em></span> <span class='ocrx_word' id='word_1_293' title='bbox 977 3621 1080 3686; x_wconf 75' lang='grc'><strong>1166616,</strong></span> <span class='ocrx_word' id='word_1_294' title='bbox 1101 3620 1248 3674; x_wconf 63' lang='lat' dir='ltr'><em>‘Zeitschru&#39;</em></span> <span class='ocrx_word' id='word_1_295' title='bbox 1269 3637 1299 3688; x_wconf 92' lang='lat' dir='ltr'><em>p.</em></span> <span class='ocrx_word' id='word_1_296' title='bbox 1321 3623 1370 3676; x_wconf 76' lang='lat'><em>192</em></span> <span class='ocrx_word' id='word_1_297' title='bbox 1389 3636 1427 3686; x_wconf 82' lang='grc'><em>66.</em></span> 
     </span>
     <span class='ocr_line' id='line_1_38' title="bbox 310 3691 1426 3759; baseline 0.001 -14"><span class='ocrx_word' id='word_1_298' title='bbox 310 3694 404 3745; x_wconf 82' lang='lat' dir='ltr'><em>Brevis</em></span> <span class='ocrx_word' id='word_1_299' title='bbox 421 3699 445 3744; x_wconf 84' lang='grc'><em>61</em></span> <span class='ocrx_word' id='word_1_300' title='bbox 463 3693 537 3743; x_wconf 78' lang='grc'><strong>66616</strong></span> <span class='ocrx_word' id='word_1_301' title='bbox 553 3693 643 3759; x_wconf 84' lang='lat' dir='ltr'><em>primo</em></span> <span class='ocrx_word' id='word_1_302' title='bbox 661 3692 757 3743; x_wconf 86' lang='lat' dir='ltr'><em>notitia</em></span> <span class='ocrx_word' id='word_1_303' title='bbox 775 3691 841 3742; x_wconf 82' lang='lat' dir='ltr'><em>data</em></span> <span class='ocrx_word' id='word_1_304' title='bbox 859 3698 896 3743; x_wconf 85' lang='lat' dir='ltr'><em>cst</em></span> <span class='ocrx_word' id='word_1_305' title='bbox 914 3691 995 3744; x_wconf 78' lang='lat' dir='ltr'><em>huius</em></span> <span class='ocrx_word' id='word_1_306' title='bbox 1013 3693 1080 3744; x_wconf 85' lang='lat' dir='ltr'><em>libri</em></span> <span class='ocrx_word' id='word_1_307' title='bbox 1097 3691 1219 3744; x_wconf 77' lang='lat' dir='ltr'><em>‘Archiv’</em></span> <span class='ocrx_word' id='word_1_308' title='bbox 1237 3691 1299 3755; x_wconf 84' lang='lat' dir='ltr'><strong><em>VII,</em></strong></span> <span class='ocrx_word' id='word_1_309' title='bbox 1324 3709 1351 3759; x_wconf 85' lang='lat' dir='ltr'><em>p.</em></span> <span class='ocrx_word' id='word_1_310' title='bbox 1366 3693 1426 3753; x_wconf 84' lang='lat'>134,</span> 
     </span>
     <span class='ocr_line' id='line_1_39' title="bbox 310 3761 1427 3832; baseline -0.001 -17"><span class='ocrx_word' id='word_1_311' title='bbox 310 3771 367 3816; x_wconf 85' lang='lat' dir='ltr'><em>tam</em></span> <span class='ocrx_word' id='word_1_312' title='bbox 386 3764 525 3830; x_wconf 78' lang='grc'><strong>6116666616</strong></span> <span class='ocrx_word' id='word_1_313' title='bbox 542 3762 635 3814; x_wconf 86' lang='lat' dir='ltr'><em>melior</em></span> <span class='ocrx_word' id='word_1_314' title='bbox 652 3762 686 3816; x_wconf 88' lang='lat' dir='ltr'><em>ib.</em></span> <span class='ocrx_word' id='word_1_315' title='bbox 705 3761 783 3826; x_wconf 87' lang='lat' dir='ltr'><strong><em>VIII,</em></strong></span> <span class='ocrx_word' id='word_1_316' title='bbox 805 3778 835 3828; x_wconf 82' lang='lat' dir='ltr'><em>p.</em></span> <span class='ocrx_word' id='word_1_317' title='bbox 855 3765 916 3818; x_wconf 81' lang='lat'><strong>572.</strong></span> <span class='ocrx_word' id='word_1_318' title='bbox 1005 3763 1034 3832; x_wconf 79' lang='lat'><em>2)</em></span> <span class='ocrx_word' id='word_1_319' title='bbox 1054 3763 1089 3814; x_wconf 91' lang='lat' dir='ltr'><em>In</em></span> <span class='ocrx_word' id='word_1_320' title='bbox 1111 3762 1280 3829; x_wconf 78' lang='lat' dir='ltr'><em>marpinibns</em></span> <span class='ocrx_word' id='word_1_321' title='bbox 1298 3763 1427 3827; x_wconf 77' lang='lat' dir='ltr'><em>folior-nm</em></span> 
     </span>
     <span class='ocr_line' id='line_1_40' title="bbox 309 3833 1428 3902; baseline -0.004 -15"><span class='ocrx_word' id='word_1_322' title='bbox 309 3851 386 3901; x_wconf 80' lang='lat' dir='ltr'><em>saepe</em></span> <span class='ocrx_word' id='word_1_323' title='bbox 404 3835 541 3902; x_wconf 73' lang='lat' dir='ltr'><em>adscripta</em></span> <span class='ocrx_word' id='word_1_324' title='bbox 552 3839 615 3885; x_wconf 85' lang='lat' dir='ltr'><em>sant</em></span> <span class='ocrx_word' id='word_1_325' title='bbox 627 3838 788 3899; x_wconf 80' lang='lat' dir='ltr'><em>arpnmnrta</em></span> <span class='ocrx_word' id='word_1_326' title='bbox 803 3849 895 3885; x_wconf 88' lang='lat' dir='ltr'><em>eornm</em></span> <span class='ocrx_word' id='word_1_327' title='bbox 913 3835 1021 3900; x_wconf 77' lang='lat' dir='ltr'><em>quaein</em></span> <span class='ocrx_word' id='word_1_328' title='bbox 1040 3840 1113 3886; x_wconf 75' lang='lat' dir='ltr'><em>tenta</em></span> <span class='ocrx_word' id='word_1_329' title='bbox 1125 3835 1258 3901; x_wconf 78' lang='lat' dir='ltr'><em>lepnntnr,</em></span> <span class='ocrx_word' id='word_1_330' title='bbox 1278 3834 1324 3887; x_wconf 81' lang='lat' dir='ltr'><em>scd</em></span> <span class='ocrx_word' id='word_1_331' title='bbox 1336 3841 1359 3886; x_wconf 89' lang='lat' dir='ltr'><em>et</em></span> <span class='ocrx_word' id='word_1_332' title='bbox 1372 3833 1428 3884; x_wconf 86' lang='lat' dir='ltr'><em>alia</em></span> 
     </span>
     <span class='ocr_line' id='line_1_41' title="bbox 310 3902 1461 3972; baseline 0 -14"><span class='ocrx_word' id='word_1_333' title='bbox 310 3922 505 3972; x_wconf 76' lang='lat' dir='ltr'><em>nonnusquam,</em></span> <span class='ocrx_word' id='word_1_334' title='bbox 523 3911 552 3956; x_wconf 88' lang='lat' dir='ltr'><em>nt</em></span> <span class='ocrx_word' id='word_1_335' title='bbox 571 3905 690 3969; x_wconf 65' lang='lat' dir='ltr'><em>caete.</em></span> <span class='ocrx_word' id='word_1_336' title='bbox 709 3905 746 3955; x_wconf 84' lang='lat' dir='ltr'><em>ad</em></span> <span class='ocrx_word' id='word_1_337' title='bbox 764 3919 857 3956; x_wconf 80' lang='grc'><strong>666616</strong></span> <span class='ocrx_word' id='word_1_338' title='bbox 876 3905 970 3972; x_wconf 84' lang='lat' dir='ltr'><em>oppidi</em></span> <span class='ocrx_word' id='word_1_339' title='bbox 981 3905 1154 3957; x_wconf 73' lang='lat' dir='ltr'><em>Albi-hecra:</em></span> <span class='ocrx_word' id='word_1_340' title='bbox 1172 3902 1228 3956; x_wconf 89' lang='grc' dir='ltr'><em>Η16</em></span> <span class='ocrx_word' id='word_1_341' title='bbox 1240 3905 1315 3958; x_wconf 87' lang='lat' dir='ltr'><em>lacus</em></span> <span class='ocrx_word' id='word_1_342' title='bbox 1328 3903 1461 3958; x_wconf 65' lang='lat' dir='ltr'><em>diciturne</em></span> 
     </span>
     <span class='ocr_line' id='line_1_42' title="bbox 311 3973 1426 4044; baseline 0.002 -17"><span class='ocrx_word' id='word_1_343' title='bbox 311 3975 437 4029; x_wconf 85' lang='lat' dir='ltr'><em>Wizense</em></span> <span class='ocrx_word' id='word_1_344' title='bbox 450 3979 478 4029; x_wconf 87' lang='grc'><em>61</em></span> <span class='ocrx_word' id='word_1_345' title='bbox 490 3977 531 4028; x_wconf 85' lang='lat' dir='ltr'><em>est</em></span> <span class='ocrx_word' id='word_1_346' title='bbox 543 3974 655 4043; x_wconf 91' lang='lat' dir='ltr'><em>opidum</em></span> <span class='ocrx_word' id='word_1_347' title='bbox 668 3973 827 4027; x_wconf 85' lang='lat' dir='ltr'><em>adiunctum</em></span> <span class='ocrx_word' id='word_1_348' title='bbox 840 3975 919 4029; x_wconf 88' lang='lat' dir='ltr'><em>laeui.</em></span> <span class='ocrx_word' id='word_1_349' title='bbox 947 3975 1019 4028; x_wconf 87' lang='lat' dir='ltr'><em>Haec</em></span> <span class='ocrx_word' id='word_1_350' title='bbox 1031 3979 1120 4028; x_wconf 87' lang='lat' dir='ltr'><em>omnia</em></span> <span class='ocrx_word' id='word_1_351' title='bbox 1132 3976 1237 4027; x_wconf 87' lang='lat' dir='ltr'><em>silentio</em></span> <span class='ocrx_word' id='word_1_352' title='bbox 1245 3978 1426 4044; x_wconf 70' lang='lat' dir='ltr'><em>praecernisi.</em></span> 
     </span>
     <span class='ocr_line' id='line_1_43' title="bbox 310 4046 1427 4115; baseline -0.003 -13"><span class='ocrx_word' id='word_1_353' title='bbox 310 4051 338 4115; x_wconf 89' lang='lat'><em>3)</em></span> <span class='ocrx_word' id='word_1_354' title='bbox 354 4049 400 4099; x_wconf 78' lang='lat' dir='ltr'><em>Ea</em></span> <span class='ocrx_word' id='word_1_355' title='bbox 412 4048 459 4100; x_wconf 91' lang='lat' dir='ltr'><em>hoc</em></span> <span class='ocrx_word' id='word_1_356' title='bbox 470 4048 554 4100; x_wconf 77' lang='grc'><strong>6661166</strong></span> <span class='ocrx_word' id='word_1_357' title='bbox 562 4047 596 4099; x_wconf 81' lang='lat' dir='ltr'><em>Il.</em></span> <span class='ocrx_word' id='word_1_358' title='bbox 607 4046 704 4098; x_wconf 78' lang='lat' dir='ltr'><em>Jacobs</em></span> <span class='ocrx_word' id='word_1_359' title='bbox 716 4046 800 4098; x_wconf 79' lang='grc'><strong>166666</strong></span> <span class='ocrx_word' id='word_1_360' title='bbox 811 4049 908 4114; x_wconf 84' lang='lat' dir='ltr'><em>capitis</em></span> <span class='ocrx_word' id='word_1_361' title='bbox 920 4047 951 4098; x_wconf 83' lang='lat' dir='ltr'><em>de</em></span> <span class='ocrx_word' id='word_1_362' title='bbox 963 4049 1067 4112; x_wconf 80' lang='lat' dir='ltr'><em>oripins</em></span> <span class='ocrx_word' id='word_1_363' title='bbox 1075 4048 1223 4113; x_wconf 77' lang='lat' dir='ltr'><em>Saxonum,</em></span> <span class='ocrx_word' id='word_1_364' title='bbox 1235 4062 1287 4114; x_wconf 86' lang='grc'><em>666</em></span> <span class='ocrx_word' id='word_1_365' title='bbox 1299 4047 1330 4099; x_wconf 83' lang='lat' dir='ltr'><em>ds</em></span> <span class='ocrx_word' id='word_1_366' title='bbox 1342 4053 1427 4099; x_wconf 82' lang='lat' dir='ltr'><em>monte</em></span> 
     </span>
     <span class='ocr_line' id='line_1_44' title="bbox 310 4117 1426 4184; baseline 0.003 -14"><span class='ocrx_word' id='word_1_367' title='bbox 310 4119 431 4171; x_wconf 83' lang='lat' dir='ltr'><em>Brochen</em></span> <span class='ocrx_word' id='word_1_368' title='bbox 454 4119 583 4184; x_wconf 80' lang='lat' dir='ltr'><em>traditur,</em></span> <span class='ocrx_word' id='word_1_369' title='bbox 610 4119 691 4169; x_wconf 75' lang='grc'><strong>6116111</strong></span> <span class='ocrx_word' id='word_1_370' title='bbox 715 4119 745 4168; x_wconf 89' lang='grc'><em>16</em></span> <span class='ocrx_word' id='word_1_371' title='bbox 765 4117 930 4181; x_wconf 74' lang='lat' dir='ltr'><em>‘Zeitschrn&#39;ft</em></span> <span class='ocrx_word' id='word_1_372' title='bbox 954 4119 999 4169; x_wconf 81' lang='lat' dir='ltr'><em>cles</em></span> <span class='ocrx_word' id='word_1_373' title='bbox 1017 4118 1241 4170; x_wconf 81' lang='lat' dir='ltr'><em>Here-Vereins&#39;</em></span> <span class='ocrx_word' id='word_1_374' title='bbox 1258 4118 1306 4169; x_wconf 84' lang='lat' dir='ltr'><em>XI</em></span> <span class='ocrx_word' id='word_1_375' title='bbox 1327 4117 1426 4184; x_wconf 82' lang='lat'>(1878),</span> 
     </span>
     <span class='ocr_line' id='line_1_45' title="bbox 305 4187 1426 4256; baseline -0.002 -14"><span class='ocrx_word' id='word_1_376' title='bbox 305 4207 335 4256; x_wconf 83' lang='lat' dir='ltr'><em>p.</em></span> <span class='ocrx_word' id='word_1_377' title='bbox 354 4191 415 4244; x_wconf 80' lang='lat'>469.</span> <span class='ocrx_word' id='word_1_378' title='bbox 488 4189 516 4256; x_wconf 84' lang='lat'><em>4)</em></span> <span class='ocrx_word' id='word_1_379' title='bbox 537 4188 578 4253; x_wconf 76' lang='lat' dir='ltr'><em>Of.</em></span> <span class='ocrx_word' id='word_1_380' title='bbox 599 4189 723 4241; x_wconf 79' lang='lat' dir='ltr'><em>‘Archia&#39;</em></span> <span class='ocrx_word' id='word_1_381' title='bbox 736 4187 788 4252; x_wconf 86' lang='lat' dir='ltr'><em>XI,</em></span> <span class='ocrx_word' id='word_1_382' title='bbox 805 4205 834 4256; x_wconf 86' lang='lat' dir='ltr'><em>p.</em></span> <span class='ocrx_word' id='word_1_383' title='bbox 848 4190 916 4256; x_wconf 76' lang='lat'><strong>6993</strong></span> <span class='ocrx_word' id='word_1_384' title='bbox 943 4188 1426 4251; x_wconf 68' lang='grc' dir='ltr'><strong>ο6.66666.·1)66666666.’</strong></span> 
     </span>
     <span class='ocr_line' id='line_1_46' title="bbox 309 4259 1460 4328; baseline 0.001 -16"><span class='ocrx_word' id='word_1_385' title='bbox 309 4260 347 4314; x_wconf 83' lang='lat' dir='ltr'><em>cd.</em></span> <span class='ocrx_word' id='word_1_386' title='bbox 360 4263 385 4314; x_wconf 81' lang='lat'><em>2.</em></span> <span class='ocrx_word' id='word_1_387' title='bbox 404 4259 445 4325; x_wconf 88' lang='lat' dir='ltr'><em>II,</em></span> <span class='ocrx_word' id='word_1_388' title='bbox 466 4263 568 4327; x_wconf 76' lang='grc'><strong>66102,</strong></span> <span class='ocrx_word' id='word_1_389' title='bbox 588 4276 614 4314; x_wconf 89' lang='lat' dir='ltr'><em>n.</em></span> <span class='ocrx_word' id='word_1_390' title='bbox 629 4263 654 4314; x_wconf 93' lang='lat'><em>1.</em></span> <span class='ocrx_word' id='word_1_391' title='bbox 690 4259 806 4326; x_wconf 83' lang='grc'><strong>11611666</strong></span> <span class='ocrx_word' id='word_1_392' title='bbox 824 4276 891 4327; x_wconf 82' lang='lat' dir='ltr'><em>puae</em></span> <span class='ocrx_word' id='word_1_393' title='bbox 909 4259 975 4311; x_wconf 81' lang='lat' dir='ltr'><em>liber</em></span> <span class='ocrx_word' id='word_1_394' title='bbox 992 4262 1111 4326; x_wconf 84' lang='grc'><strong>66611661,</strong></span> <span class='ocrx_word' id='word_1_395' title='bbox 1129 4266 1188 4328; x_wconf 82' lang='grc'><strong>6661</strong></span> <span class='ocrx_word' id='word_1_396' title='bbox 1206 4260 1321 4311; x_wconf 73' lang='lat' dir='ltr'><em>Libonem</em></span> <span class='ocrx_word' id='word_1_397' title='bbox 1339 4262 1460 4313; x_wconf 70' lang='grc'><strong>66661-66</strong></span> 
     </span>
     <span class='ocr_line' id='line_1_47' title="bbox 309 4331 1427 4398; baseline -0.001 -15"><span class='ocrx_word' id='word_1_398' title='bbox 309 4345 400 4383; x_wconf 82' lang='lat' dir='ltr'><em>eornm</em></span> <span class='ocrx_word' id='word_1_399' title='bbox 425 4335 541 4397; x_wconf 82' lang='grc'><strong>6616666</strong></span> <span class='ocrx_word' id='word_1_400' title='bbox 563 4331 638 4396; x_wconf 75' lang='lat' dir='ltr'><em>foliis</em></span> <span class='ocrx_word' id='word_1_401' title='bbox 662 4332 752 4382; x_wconf 82' lang='grc'><strong>666616</strong></span> <span class='ocrx_word' id='word_1_402' title='bbox 775 4331 882 4396; x_wconf 85' lang='lat' dir='ltr'><em>relictis,</em></span> <span class='ocrx_word' id='word_1_403' title='bbox 909 4331 975 4383; x_wconf 85' lang='lat' dir='ltr'><em>aliis</em></span> <span class='ocrx_word' id='word_1_404' title='bbox 997 4331 1121 4383; x_wconf 73' lang='grc'><strong>16661166</strong></span> <span class='ocrx_word' id='word_1_405' title='bbox 1145 4333 1246 4398; x_wconf 85' lang='lat' dir='ltr'><em>scripta</em></span> <span class='ocrx_word' id='word_1_406' title='bbox 1267 4337 1338 4396; x_wconf 84' lang='grc'><strong>6661,</strong></span> <span class='ocrx_word' id='word_1_407' title='bbox 1356 4332 1427 4382; x_wconf 79' lang='lat' dir='ltr'><em>inter</em></span> 
     </span>
     <span class='ocr_line' id='line_1_48' title="bbox 308 4399 1426 4469; baseline 0.001 -17"><span class='ocrx_word' id='word_1_408' title='bbox 308 4417 376 4469; x_wconf 85' lang='grc'><strong>6666</strong></span> <span class='ocrx_word' id='word_1_409' title='bbox 393 4399 488 4453; x_wconf 78' lang='grc'><strong>1166661</strong></span> <span class='ocrx_word' id='word_1_410' title='bbox 508 4401 546 4454; x_wconf 91' lang='lat' dir='ltr'><em>tio</em></span> <span class='ocrx_word' id='word_1_411' title='bbox 565 4401 649 4454; x_wconf 84' lang='grc'><strong>161166</strong></span> <span class='ocrx_word' id='word_1_412' title='bbox 667 4400 750 4468; x_wconf 81' lang='lat' dir='ltr'><em>orbis,</em></span> <span class='ocrx_word' id='word_1_413' title='bbox 770 4399 902 4454; x_wconf 73' lang='grc'><strong>0166666116</strong></span> <span class='ocrx_word' id='word_1_414' title='bbox 927 4401 993 4453; x_wconf 83' lang='lat' dir='ltr'><em>libri</em></span> <span class='ocrx_word' id='word_1_415' title='bbox 1016 4401 1050 4455; x_wconf 87' lang='lat' dir='ltr'><em>de</em></span> <span class='ocrx_word' id='word_1_416' title='bbox 1076 4401 1202 4469; x_wconf 85' lang='lat' dir='ltr'><em>amicitia,</em></span> <span class='ocrx_word' id='word_1_417' title='bbox 1225 4401 1259 4454; x_wconf 90' lang='lat' dir='ltr'><em>de</em></span> <span class='ocrx_word' id='word_1_418' title='bbox 1277 4403 1426 4466; x_wconf 81' lang='lat' dir='ltr'><em>senectute,</em></span> 
     </span>
     <span class='ocr_line' id='line_1_49' title="bbox 308 4418 775 4537; baseline 0.002 -13"><span class='ocrx_word' id='word_1_419' title='bbox 308 4469 461 4537; x_wconf 67' lang='lat' dir='ltr'><em>Paradoxa</em></span> <span class='ocrx_word' id='word_1_420' title='bbox 480 4418 559 4523; x_wconf 62' lang='grc'><strong>11666</strong></span> <span class='ocrx_word' id='word_1_421' title='bbox 577 4471 713 4524; x_wconf 81' lang='lat' dir='ltr'><em>rethorica</em></span> <span class='ocrx_word' id='word_1_422' title='bbox 731 4479 775 4526; x_wconf 88' lang='grc'><strong>616.</strong></span> 
     </span>
    </p>
   </div>
   <div class='ocr_carea' id='block_1_5' title="bbox 0 0 1609 5006">
    <p class='ocr_par' dir='ltr' id='par_1_7' title="bbox 0 0 1609 5006">
     <span class='ocr_line' id='line_1_50' title="bbox 0 0 1609 5006; baseline 0 0"><span class='ocrx_word' id='word_1_423' title='bbox 0 0 1609 5006; x_wconf 95' lang='lat' dir='ltr'><em> </em></span> 
     </span>
    </p>
   </div>
  </div>
 </body>
</html>
