3130 4990
357 400 523 458 CRONIGA
542 402 569 460 S.
582 401 699 458 PETRI
716 401 979 458 ERFORDENSIS
997 401 1194 458 MODERNA.
1285 405 1337 459 139

222 584 310 650 cicius
331 591 476 666 excerpta
498 587 538 651 ab
562 585 768 650 Hartmanno
792 585 922 650 Scbedet
943 584 980 649 in
1006 585 1072 650 cod.
1091 585 1138 649 M
1141 579 1337 650 88888881Ι

221 673 464 739 lacunosa.
489 673 647 756 descripta
675 673 747 739 Rs
777 673 914 756 sipnaoi,
944 672 999 738 ubi
1028 674 1191 755 utriusque
1220 673 1337 739 codicis

220 761 378 828 tectiomm
407 763 454 828 881
483 761 615 829 otarius
647 762 753 828 811188
786 763 940 828 adnotare
969 761 1072 827 msum
1103 769 1155 827 est.
1203 761 1254 827 De
1285 761 1337 826 bis

219 850 375 917 codicibus
397 850 532 934 atiisque
560 873 641 934 qnae
663 853 795 918 adrem
817 851 982 934 pertinent
1002 851 1112 917 uideas
1135 851 1195 916 SS.
1214 851 1334 932 XXX,

194 959 206 998 8
213 961 247 1022 p.
267 945 331 1004 505
354 961 420 1022 sqq.
468 941 531 1006 Sed
553 941 653 1023 ptura
682 961 721 1006 ex
749 939 885 1006 Oronioo
909 940 942 1005 S.
961 939 1051 1006 Petri
1080 940 1118 1004 in
1140 939 1336 1005 Reinbards-

219 1028 394 1094 brunnensi
416 1031 573 1112 descripta
595 1029 704 1110 fuisse,
734 1051 830 1111 quom
857 1029 892 1093 11
921 1028 1040 1094 codices
1063 1030 1225 1111 praebent,
1255 1027 1336 1094 mibi

211 1138 403 1200 permissum
425 1118 532 1199 babeo,
555 1138 663 1184 censeo
685 1118 770 1184 enim
792 1117 910 1198 omnia,
932 1139 1014 1200 8888

330 1205 440 1291 Oonr.)
471 1205 638 1273 Corradus
652 1207 935 1272 Hatberstadensis
956 1206 994 1272 in
1013 1205 1256 1288 Orouoprapbia
1276 1228 1336 1272 suo

218 1315 256 1360 ex
279 1295 374 1362 Oron.
400 1297 433 1361 S.
451 1295 542 1361 Petri
565 1302 689 1379 sumpta
705 1297 846 1378 praebet,
863 1316 928 1361 888
950 1316 989 1360 ex
1011 1295 1080 1376 bac,
1104 1296 1160 1360 sed
1181 1317 1220 1361 cx
1240 1295 1334 1362 Oron.

185 1382 580 1451 nReimbardsbrnnnensi
610 1385 772 1467 desumpta
801 1405 866 1449 esse
876 1385 897 1449 ¹.
948 1384 1010 1466 Qui
1038 1383 1124 1450 inter
1152 1391 1336 1450 81281-

220 1474 498 1554 123788888118,
521 1473 606 1539 inter
626 1496 657 1539 a.
675 1479 909 1538 1332-1338.
930 1475 1038 1554 mutto,
1061 1473 1129 1553 sere
1145 1480 1239 1538 totam
1254 1473 1336 1540 oide-

218 1560 288 1628 11881
326 1561 603 1628 Continuationem
632 1563 667 1644 I,
696 1563 842 1645 praebet,
877 1583 957 1644 quae
990 1562 1027 1627 in
1061 1561 1216 1628 Oronicae
1239 1561 1335 1628 Reim-

218 1650 363 1716 bardsbr.
388 1649 546 1718 codicibus
569 1671 633 1716 nou
654 1650 871 1716 inveniuntur.
907 1650 998 1716 Haec
1019 1650 1120 1734 ipitur
1141 1651 1178 1717 in
1201 1651 1336 1718 editione

218 1759 286 1804 meu
308 1738 405 1804 buius
423 1739 587 1822 Cronicae,
609 1740 667 1805 SS.
684 1739 804 1821 XXX,
822 1762 858 1823 p.
876 1745 939 1804 632
953 1761 997 1822 sq.
1023 1745 1087 1804 654
1099 1762 1175 1823 sqq,
1199 1740 1334 1807 incenis.

185 1847 209 1886 1⁶
222 1827 340 1910 Quat
361 1829 549 1894 sententiam
570 1849 672 1894 onom
686 1829 806 1909 satsam
828 1828 1031 1910 indicaveris,
1059 1829 1243 1895 Conradum
1262 1829 1335 1896 Oro

218 1916 324 1982 nicam
340 1917 374 1983 S.
391 1916 482 1983 Petri
502 1916 745 1983 Continuatioae
760 1918 791 1982 I.
816 1924 941 1982 auctam
963 1917 1167 2000 exscripsisse
1188 1918 1333 1985 censebis.

225 2005 361 2087 Utroque
384 2027 460 2071 casu
482 2006 539 2072 boc
562 2007 626 2072 1888
643 2013 716 2089 post
730 2005 771 2088 R,
795 2006 850 2072 ubi
865 2007 973 2072 eadem
996 2007 1064 2072 sola
1084 2005 1288 2073 Continuatio
1303 2007 1333 2072 I.

217 2094 375 2176 exscripta
396 2101 450 2176 est,
478 2094 646 2161 Corradus
674 2095 856 2178 afferendus
881 2102 934 2161 est.
987 2095 1245 2178 Oronoprapbiae
1268 2095 1336 2162 cius

218 2181 356 2249 ineditae
371 2183 506 2250 codicem
526 2184 770 2251 Vaticanum
784 2185 858 2249 Lat.
874 2204 925 2249 nr.
936 2189 1032 2265 3758,
1049 2186 1127 2250 mbr.
1140 2206 1220 2250 saec.
1232 2184 1334 2266 XIV,

182 2272 354 2337 nIacobus
370 2271 527 2339 Scbwatm
549 2271 653 2339 socius
675 2279 789 2354 noster,
813 2271 1156 2338 Vindobonensem
1179 2293 1229 2338 nr.
1247 2279 1333 2340 3175

218 2359 320 2440 (Hist.
345 2362 415 2428 eccl.
441 2361 510 2444 64),
541 2361 640 2426 chart.
671 2361 726 2441 fot.
754 2382 834 2427 saec.
854 2362 933 2442 XV,
964 2361 1040 2444 ipse,
1064 2362 1334 2429 Hannooero·

218 2471 307 2514 num
324 2449 436 2514 XIII.
455 2455 528 2532 753,
552 2450 652 2516 cbart.
676 2471 755 2516 saec.
771 2450 850 2532 XV,
874 2471 974 2533 supra
996 2453 1052 2516 sub
1068 2451 1100 2516 R
1122 2451 1189 2516 iam
1207 2451 1333 2535 dictum,

217 2538 252 2605 J.
277 2537 318 2603 R.
343 2537 507 2605 Dietericb
535 2539 639 2606 socius
660 2546 689 2604 81
710 2539 778 2622 ipse
800 2539 1031 2622 exscripsimus.
1080 2541 1144 2606 Sed
1165 2539 1217 2606 bic
1239 2541 1335 2607 codex

217 2627 478 2694 Hannooeranns
501 2629 602 2710 plura
625 2629 756 2711 praebet
784 2649 822 2692 ex
854 2627 991 2695 Oronim
1021 2629 1055 2694 S.
1079 2629 1170 2695 Petri
1199 2637 1333 2713 surnpta,

182 2735 314 2798 osquam
342 2715 509 2783 Oouradus
539 2737 578 2782 ex
605 2716 743 2783 Granico
769 2716 1001 2783 Reiubardsbr.
1030 2718 1248 2802 exscripserat.
1296 2719 1334 2784 Is

217 2825 334 2886 nempe,
357 2805 414 2886 qui
436 2805 587 2871 ebronioc
609 2805 705 2871 buius
727 2805 843 2871 codicis
866 2806 1027 2888 conpescit,
1057 2807 1198 2872 Oouradi
1218 2807 1333 2874 Crono

214 2893 385 2976 prapbiam
407 2894 534 2978 mapnis
550 2894 701 2976 partibus
723 2894 862 2960 otiorum
876 2895 1095 2961 chronicorum
1117 2896 1247 2962 insertis
1269 2917 1333 2962 am

210 2981 338 3064 plicuit,
367 2981 450 3048 inter
478 3004 559 3065 quas
588 2983 682 3049 etiam
711 3004 847 3067 ueprius
880 2985 964 3050 tocus
1001 2984 1155 3051 Oronicae
1186 2986 1218 3051 S.
1243 2983 1334 3051 Petri

217 3091 247 3136 a.
275 3075 368 3135 1276.
396 3077 480 3137 1278
504 3069 624 3158 (1277),
654 3093 715 3154 888
744 3073 825 3138 betta
853 3073 966 3138 borum
995 3095 1154 3139 annorum
1179 3094 1333 3140 enarran-

182 3165 277 3240 ntur,
310 3159 482 3225 invenitur.
528 3161 627 3227 Hanc
650 3167 777 3244 partem
807 3182 845 3226 cx
880 3160 1018 3229 Grouica
1047 3163 1280 3229 Reinbardsbr.
1312 3185 1333 3228 a

217 3247 351 3314 librario
373 3249 429 3314 itto
443 3249 633 3331 descriptam
651 3271 716 3316 esse
739 3250 855 3332 censui,
880 3251 935 3333 qui
957 3251 1052 3331 infra
1073 3251 1111 3317 in
1131 3253 1332 3318 8881888818-

216 3336 301 3403 mine
317 3345 428 3419 portes
451 3337 547 3403 buius
569 3339 714 3406 monicae
741 3338 847 3405 Gestis
870 3339 1057 3422 archiepisc.
1081 3340 1333 3423 Mapdeburpcn·

216 3425 297 3491 sium
327 3425 471 3492 inserens
499 3447 569 3492 eam
596 3427 766 3494 omiserit?
814 3429 860 3494 In
889 3429 949 3494 bac
971 3435 1067 3512 parte
1096 3429 1191 3494 baius
1217 3429 1334 3496 codicis

217 3514 360 3580 lectiones

182 3627 208 3668 so
322 3603 521 3687 fflsipuooi,
534 3605 1331 3687 888888881881888118888881888111(1117888111.

375 3692 447 3758 Hoc
469 3694 533 3759 toco
555 3694 651 3760 etiam
673 3695 888 3760 nonnnandus
910 3702 956 3761 est

326 3781 461 3866 Tbeod.)
497 3781 708 3848 Theodericus
731 3783 830 3848 Pauti
860 3781 930 3862 (seu
952 3784 1151 3869 Franconis)
1169 3787 1334 3870 presbyter

217 3953 243 4021 1)
260 3955 302 4020 Cf.
322 3955 365 4010 ‘N.
384 3957 498 4009 Arcbto'
517 3955 598 4022 XXI,
620 3974 650 4026 p.
669 3959 824 4014 271-273.
843 3959 904 4014 462.
922 3961 984 4015 468.
1003 3961 1056 4016 515
1075 3977 1147 4029 sap:
1172 3961 1219 4016 SS.
1238 3961 1332 4027 XXX,

212 4041 242 4092 p.
255 4029 305 4082 511
318 4043 375 4094 sq.,·
392 4043 478 4096 supra
493 4047 521 4098 p.
536 4030 596 4084 130.
668 4029 697 4098 2)
715 4029 759 4084 ιΝ.
772 4029 887 4081 Arcbiu'
899 4029 980 4096 XXI,
994 4047 1025 4098 p.
1038 4034 1098 4088 238.
1135 4033 1247 4085 Praeter
1264 4033 1333 4086 nom

181 4103 317 4163 coponem
332 4100 413 4150 ctiam
429 4099 611 4152 brwcssimum
629 4100 715 4152 188888
733 4116 758 4154 α.
774 4103 850 4156 1315.
870 4117 903 4153 soe
918 4101 968 4154 hac
981 4103 1094 4156 0888188
1113 4106 1199 4156 textui
1214 4105 1335 4156 Conradi

217 4167 336 4224 mma.
409 4171 437 4238 3)
458 4171 672 4238 ‘Forscbumpm’
691 4170 755 4238 XX,
778 4190 807 4241 p.
825 4173 988 4230 284-236.
1025 4175 1076 4228 Sed
1096 4191 1213 4228 rnoncam
1233 4181 1333 4242 oportet

216 4239 329 4319 eatbam
346 4241 442 4294 88111818
461 4245 476 4296 1
495 4257 548 4294 non
567 4247 657 4294 tantae
674 4244 850 4309 neptcpentiac
867 4245 960 4310 fuisse,
987 4251 1016 4298 ut
1035 4245 1115 4298 ambe
1136 4247 1268 4312 scriberet,
1287 4246 1335 4297 ubo·

218 4311 304 4364 ambe
327 4312 494 4365 8811588188
516 4319 582 4368 erat.
619 4313 713 4366 Scriba
730 4314 837 4370 88111α
859 4315 939 4368 ambe
961 4319 1078 4384 scripsit,
1104 4333 1122 4367 8
1146 4332 1198 4384 quo
1222 4317 1334 4370 eddom

217 4381 321 4436 orcam
338 4389 361 4436 81
380 4383 472 4436 Stttbel
487 4383 534 4437 boc
552 4392 711 4452 receperunt.
