3162 5022
321 509 374 563 260
419 503 585 560 GRONIGA
597 504 626 559 S.
635 502 750 558 PETRI
762 501 1025 559 ERFORDENSIS
1038 504 1127 562 MOD.
1146 506 1182 562 A.
1193 509 1271 564 1269.
1283 510 1359 564 1270.

236 667 312 722 1269·
427 681 510 737 Anno
535 680 646 736 Domini
670 679 851 738 Mecum.
888 679 1023 735 Soldanus
1048 681 1200 749 Babilonie,
1229 682 1288 752 qni
1314 687 1367 738 est
1387 701 1442 737 rex

215 737 426 831 ‘'Crffihgipti,
452 753 567 808 nacione
592 752 705 820 Turcus,
731 753 842 806 nomine
867 750 1030 820 Melcbasar,
1055 753 1208 808 sevissimus
1233 753 1318 808 hostis
1345 761 1440 808 sancte

280 821 287 834 ⁰
308 821 477 878 'samoneos
498 824 619 894 ecclesie,
645 825 781 878 civitatem
800 823 995 877 Antbiocbiam
1013 840 1141 894 magnam
1166 828 1194 878 et
1221 825 1379 893 opulentam
1406 843 1439 879 ac

323 894 475 949 (111τί1111111
493 895 595 965 populo
619 896 730 965 plenam
754 895 827 949 bello
845 894 1012 964 expugnavit
1036 899 1065 948 et
1082 895 1164 964 cepit,
1182 896 1300 966 spolians
1318 913 1379 950 eam
1396 897 1438 949 in·

322 966 441 1020 numeris
459 967 563 1036 opibus,
583 983 615 1019 ac
632 965 759 1020 incendio
777 965 901 1022 vastavit.
937 964 1046 1020 Occidit
1063 982 1172 1034 quoque
1196 967 1225 1020 in
1243 984 1276 1021 ea
1293 967 1467 1036 plusquama

322 1041 433 1091 centum
450 1037 526 1091 milia
544 1041 572 1091 et
589 1035 673 1091 XXX
691 1035 934 1105 11111111οωί1111,
952 1040 981 1090 et
997 1036 1050 1090 hoc
1068 1037 1188 1091 maxime
1211 1037 1241 1091 in
1259 1037 1353 1091 odium
1371 1037 1438 1092 Tar-

322 1113 453 1176 tarorum,
480 1107 545 1176 quia
571 1107 629 1177 ipse
656 1107 824 1161 Anthiochia
850 1107 972 1162 subiecta
1001 1107 1054 1161 fuit
1082 1111 1109 1161 et
1138 1107 1281 1162 tributaria
1308 1109 1438 1166 Tartum'a

322 1178 421 1232 Idem
446 1179 572 1233 soldanus
594 1177 703 1247 publice
728 1178 943 1247 apostatantibus
962 1181 990 1231 et
1007 1177 1146 1231 Christum
1163 1179 1327 1249 negantibus
1344 1181 1439 1233 multis

322 1250 431 1303 milibus
456 1249 533 1304 dedit
556 1249 650 1304 vitam.
687 1247 828 1303 solemnes
851 1248 956 1304 nunctii
976 1249 1107 1318 predicti
1124 1249 1230 1303 soldani
1247 1250 1392 1305 Babilcnie
1411 1257 1440 1305 et

322 1321 429 1375 nunctii
453 1321 587 1374 solemnes
611 1320 682 1390 regis
700 1319 879 1374 Tartarorum
903 1320 979 1374 missi
1003 1320 1039 1373 ad
1060 1320 1196 1390 principes
1218 1320 1384 1374 Christianos
1411 1327 1440 1376 et
1450 1333 1481 1373 ro

323 1392 442 1445 maxime
460 1391 495 1445 ad
513 1391 689 1445 Ludewicum
707 1408 802 1461 regem
819 1390 943 1458 Francia
968 1391 1128 1460 navigantes
1145 1409 1195 1460 per
1213 1409 1288 1446 mare
1306 1391 1437 1446 Mediter-

323 1480 445 1529 raneum,
464 1466 651 1516 convenerunt
668 1479 733 1516 casn
750 1463 778 1514 in
797 1461 906 1516 civitate
924 1461 1062 1531 Ianuensi,
1083 1466 1111 1517 et
1128 1462 1252 1517 videntes
1270 1480 1298 1517 se
1316 1481 1440 1533 pugnare

222 1543 314 1592 ’1.111.
323 1537 463 1603 ceperunt,
481 1551 543 1602 pars
568 1537 663 1587 contra
686 1537 800 1602 partem,
825 1533 854 1586 in
879 1533 970 1601 platea
988 1533 1126 1600 *civitatia
1145 1537 1176 1586 nt
1193 1533 1303 1587 insimul
1321 1551 1350 1588 se
1368 1535 1438 1588 oeci-

323 1603 451 1672 derentb,
470 1604 533 1674 quia
545 1603 638 1657 odium
656 1603 837 1657 inveteratum
856 1607 883 1658 et
900 1620 1043 1658 rancorem
1061 1609 1173 1674 portant
1190 1603 1226 1658 ad
1244 1605 1438 1659 11νί1111811-

322 1675 414 1729 raceni
432 1679 460 1728 et
478 1674 592 1730 Tartari.
621 1674 700 1744 Quod
719 1675 842 1728 ridentes
860 1675 932 1729 cives
949 1673 1104 1743 Ianneuses,
1123 1679 1154 1729 ut
1172 1675 1287 1730 decebat
1305 1691 1359 1744 eos,
1377 1677 1438 1730 lites
1450 1686 1482 1727 ro

322 1747 526 1815 interceperunt
543 1750 577 1800 et
595 1755 719 1816 pugnasc
743 1745 904 1800 sedaverunt
924 1763 1026 1802 eorum.
1060 1746 1198 1801 Deinde
1217 1747 1317 1818 prefati
1333 1747 1440 1801 nunctii

323 1835 386 1872 cum
410 1817 598 1887 pervenissent
623 1817 658 1870 ad
682 1834 776 1887 regem
793 1815 917 1884 Francia,
936 1816 1099 1871 Sarracenos
1117 1819 1244 1872 nunctios
1265 1819 1369 1872 soldani
1387 1835 1439 1872 uec

322 1888 416 1942 videre
433 1888 521 1942 voluit
544 1905 596 1942 nec
621 1887 722 1943 andire.
759 1887 892 1941 Nunotios
917 1891 1008 1942 autern
1034 1888 1105 1958 regis
1124 1889 1299 1943 Tartarorum
1327 1893 1353 1944 et
1371 1889 1439 1942 Tar·

322 1965 396 2013 taros
414 1959 532 2030 gloriose
552 1977 583 2012 ac
600 1958 750 2012 honorifice
775 1958 892 2028 suscepit
917 1962 945 2012 et
969 1959 1126 2027 procuravit
1151 1965 1179 2014 et
1196 1961 1222 2014 le
1259 1960 1349 2014 cioues
1367 1961 1438 2029 ipso·

323 2049 384 2084 rum
410 2031 539 2112 nobiliter
566 2033 594 2083 et
618 2029 722 2112 utiliter
744 2029 908 2085 terminavit.
964 2100 969 2111 Ι
1015 2028 1051 2083 In
1076 2032 1197 2086 exercitu
1249 2032 1317 2085 aroli
1340 2031 1482 2086 Galliciac

322 2099 1121 2240 {ttlelfflltlllrtltlu&tedebat
1139 2101 1333 2242 aliloth
1340 2101 1439 2226 litt

324 2243 362 2297 sic
387 2241 453 2296 nudi
477 2242 512 2295 ad
536 2243 709 2296 vendendum
734 2243 843 2311 publice
868 2259 917 2313 per
942 2243 1091 2297 exercitum
1120 2261 1194 2298 cum
1222 2243 1438 2312 obprobrio,

324 2331 410 2382 quos
428 2313 502 2367 Deus
526 2317 639 2382 propter
664 2331 739 2367 suam
758 2313 946 2368 innocenciam
968 2332 1018 2383 per
1035 2313 1170 2382 quendam
1189 2314 1315 2368 abbatem
1334 2313 1438 2367 ordinis

324 2385 444 2439 sancti
455 2383 598 2437 Benedicti
608 2384 748 2438 avinculis
761 2389 789 2439 et
801 2385 949 2454 obprobrio
961 2385 1088 2440 liberavit
1099 2389 1127 2438 et
1136 2384 1199 2438 dato
1211 2384 1302 2453 precio
1312 2384 1437 2440 redemit.
1449 2393 1482 2434 ao

236 2449 313 2504 1270.
428 2455 512 2508 Anno
530 2454 642 2509 Domini
658 2453 825 2511 Mcouxx.
853 2455 1026 2509 Germanus(1
1042 2460 1133 2509 sancte
1144 2453 1287 2509 Elizabetb
1300 2455 1334 2508 de
1346 2454 1438 2508 Mare-

323 2526 398 2594 burc,
416 2525 544 2580 videlicet
567 2529 664 2596 potens
690 2544 739 2580 rex
762 2525 837 2594 Bela
855 2525 885 2579 in
903 2525 1026 2597 Ungaria
1044 2526 1160 2580 feliciter
1178 2525 1252 2582 obiit.
1289 2525 1345 2579 Hic
1364 2526 1438 2580 enim

324 2596 376 2649 fuit
387 2595 439 2650 Dei
458 2614 489 2651 ac
508 2596 593 2650 divini
611 2596 695 2651 officii
712 2597 841 2651 solemnis
858 2601 971 2653 amator.
1002 2597 1150 2651 Paululum
1167 2601 1230 2666 post
1247 2601 1364 2652 mortem
1376 2614 1438 2666 pre-

323 2667 372 2721 fati
385 2667 456 2737 regis
468 2667 563 2737 regina
575 2685 646 2722 uxor
653 2667 713 2722 ¹eius
726 2672 753 2722 et
766 2684 875 2722 consors
887 2668 975 2739 regni,
986 2669 1101 2722 nacione
1113 2667 1210 2736 Greca,
1223 2667 1342 2723 feliciter
1361 2669 1437 2723 obiit.

323 2737 455 2792 Similiter
467 2738 702 2792 christianissimus
713 2756 762 2793 rex
774 2738 889 2793 Francis
901 2738 1064 2793 Ludewicus
1080 2740 1109 2792 in
1120 2740 1341 2810 peregrinacione
1360 2739 1437 2794 obiit.
1448 2748 1480 2788 so

323 2808 408 2863 Filius
418 2827 526 2878 quoque
536 2810 655 2864 eiusdem
665 2811 754 2879 regis
763 2809 935 2865 Ludewici
947 2811 1058 2865 nomine
1064 2810 1200 2865 Iohannes
1211 2811 1283 2880 apud
1291 2815 1399 2881 patrem
1409 2811 1436 2863 in

325 2880 436 2935 aedem
448 2881 670 2950 peregrinacione
678 2897 765 2951 prope
777 2882 890 2936 Terram
900 2880 1029 2936 Sanctam
1042 2881 1071 2935 in
1084 2882 1184 2952 castris,
1194 2898 1249 2935 non
1259 2882 1287 2934 in
1296 2883 1378 2946 bello,
1390 2881 1439 2934 sed

324 2950 399 3006 febre
411 2951 480 3004 sicut
492 2955 571 3020 pater
579 2969 642 3005 suus
654 2951 723 3006 obiit
735 2969 816 3021 super
825 2969 900 3006 mare
909 2953 982 3021 apud
995 2951 1111 3008 Tunisa
1130 2951 1238 3007 Ibidem
1248 2953 1328 3006 multi
1338 2953 1437 3006 milites

325 3024 352 3076 in
365 3022 523 3076 dissenteria
535 3023 636 3076 mortui
648 3026 719 3089 sunt,
736 3028 764 3077 et
778 3025 858 3092 plura
869 3023 945 3076 milia
956 3023 1163 3106 peregrinorum
1180 3024 1312 3078 submersi
1330 3029 1392 3077 sunt
1410 3023 1439 3076 in

323 3093 400 3150 mari.
428 3092 517 3164 Igitur
535 3111 595 3148 ossa
611 3093 691 3147 huius
703 3094 843 3148 Ludewici
861 3093 931 3164 regis
951 3099 978 3148 et
995 3093 1044 3148 fibi
1064 3094 1121 3148 eius
1133 3093 1263 3148 Iohannis
1281 3094 1480 3148 solemnitersa

323 3164 442 3219 Parisios
470 3168 498 3217 et
523 3163 672 3219 honorifice
696 3169 759 3219 sunt
782 3165 895 3219 reducta
921 3169 948 3219 et
972 3166 1001 3218 in
1026 3165 1169 3234 sepulchro
1193 3169 1303 3235 patrum
1328 3181 1438 3218 snorum

323 3234 473 3289 honorifice
497 3239 560 3289 sunt
582 3237 688 3304 sepulta
712 3237 741 3288 in
765 3237 825 3290 loco
852 3235 961 3291 celebri.
998 3233 1055 3290 Iste
1073 3235 1235 3293 Ludewicus
1256 3253 1305 3289 rex
1322 3235 1438 3289 Francie

323 3325 373 3376 per
397 3305 489 3360 omnia
512 3305 663 3376 laudabilis,
689 3305 793 3361 scilicet
814 3307 842 3360 in
868 3305 960 3360 divino
986 3307 1069 3374 cultu,
1094 3307 1123 3359 in
1148 3305 1254 3360 iudiciis
1278 3306 1391 3374 iustus,
1410 3306 1438 3358 in

226 3387 259 3437 *1.
267 3390 313 3430 rra.
324 3378 451 3447 operibus
476 3377 567 3446 pius,
593 3377 620 3431 in
646 3377 771 3431 domibus
795 3377 986 3448 religiosorum
1011 3375 1181 3431 'edificandis
1206 3395 1238 3432 ac
1262 3377 1291 3431 in
1315 3377 1438 3446 pluribus

323 3448 500 3502 karismatum
520 3447 598 3502 donis
615 3448 774 3518 precellens,
797 3449 1016 3519 crucesignatus
1040 3465 1103 3502 cum
1121 3447 1250 3518 Philippo
1269 3452 1298 3503 et
1315 3448 1481 3502 Iohannem

323 3519 386 3573 filiis
410 3519 464 3572 suis
489 3519 518 3572 in
543 3519 805 3574 commemoracione
830 3521 914 3574 sancti
941 3518 1022 3573 Pauli
1047 3519 1082 3572 ad
1106 3519 1346 3588 Aquas-mortuas
1372 3522 1440 3588 aput

324 3588 473 3644 Marsiliam
492 3589 612 3644 ascendit
630 3607 712 3659 mure,
732 3591 841 3644 circiter
859 3608 921 3644 cum
939 3589 992 3644 LX
1010 3589 1120 3644 milibus
1145 3594 1312 3644 armatorum
1330 3590 1360 3644 in
1377 3590 1438 3643 sub·

323 3661 422 3715 sidium
441 3661 526 3715 Terre
544 3661 643 3716 Sancte
661 3661 807 3731 navigium
827 3662 873 3730 qui
891 3679 967 3715 mare
985 3679 1040 3716 non
1058 3660 1193 3728 1111111111,
1212 3660 1260 3716 sed
1278 3661 1355 3715 febre
1366 3677 1439 3714 mor·

324 3736 387 3786 tuus
411 3730 483 3787 ests.
520 3731 604 3785 Multi
629 3732 675 3785 alii
699 3732 805 3788 nobiles
831 3737 858 3786 st
883 3733 998 3787 barones
1022 3732 1057 3786 de
1082 3731 1203 3787 eiusdem
1228 3732 1300 3803 regis
1319 3731 1440 3786 exercitu

227 3911 313 4030 ἓξὲξ·
482 3943 699 3998 consecratum
722 3943 771 3998 est
791 3939 1018 3997 monasterium
1040 3939 1082 3996 ad
1097 3939 1224 3998 Portam
1239 3931 1317 3996 ΠΠο
1331 3937 1482 3994 N011as⁴=⁵

482 4026 683 4103 Septembris.
790 4026 886 4103 Ipsoff
918 4044 1001 4085 anno
1031 4026 1197 4086 cunradus
1225 4028 1288 4083 dux
1318 4025 1439 4082 Swevo·

482 4133 552 4173 rum
573 4118 607 4173 in
631 4117 752 4192 Apulea
774 4133 794 4174 a
816 4115 929 4174 Garulc
951 4133 1024 4192 rege
1047 4117 1219 4176 decollatus
1241 4119 1299 4172 est.

322 4281 345 4329 a)
359 4280 467 4321 chatolica
482 4283 501 4324 1.
554 4280 577 4332 b)
591 4283 622 4322 sto
635 4283 668 4328 R:
688 4283 817 4323 occiderunt
831 4285 850 4326 1.
916 4282 937 4334 c)
951 4283 982 4323 stc
995 4283 1015 4322 R
1028 4293 1076 4322 eam
1090 4283 1155 4324 Oros.
1169 4281 1222 4325 1111,
1235 4281 1306 4326 Gontf
1327 4291 1404 4320 acrum
1417 4291 1440 4330 p.

324 4334 368 4376 sed.
383 4336 402 4376 1.
456 4331 480 4386 d)
493 4333 577 4374 nocem
591 4345 649 4376 anno
663 4346 730 4385 gerru.
744 4357 771 4366 -
784 4336 839 4376 cbtlt
852 4336 914 4375 iasa
928 4336 954 4375 11)
964 4339 1015 4385 post
1028 4340 1081 4376 sunt
1094 4339 1126 4386 (p.
1135 4335 1181 4385 111,
1196 4336 1212 4374 l.
1223 4335 1267 4384 10),
1281 4343 1336 4385 quac
1351 4345 1392 4377 om.
1406 4335 1439 4377 2¹.

324 4389 345 4436 e)
366 4387 471 4438 Tyriul:
491 4387 594 4430 011110.
661 4389 679 4438 1)
700 4387 753 4428 Μ
771 4390 819 4434 (uas
832 4389 884 4428 taso
897 4391 920 4428 tn
934 4389 1081 4428 mansam
1095 4392 1207 4429 eontracta
1220 4391 1279 4436 11111)
1294 4387 1357 4430 add:
1378 4387 1482 4429 Aliasbt)

323 4451 372 4480 cnm
386 4445 475 4480 eentum
493 4441 582 4481 mlllbus
596 4451 661 4482 cruce
678 4442 813 4492 algnamrum
830 4447 854 4484 et
872 4443 930 4482 ultra
951 4441 979 4482 de
1000 4440 1096 4483 dlversls
1114 4442 1188 4492 regula
1207 4452 1218 4481 s
1233 4453 1259 4492 p.
1272 4441 1319 4491 281,
1341 4441 1349 4479 l
1369 4439 1440 4490 2011,

323 4493 345 4544 g)
359 4495 410 4533 kase
423 4495 485 4533 habat
498 4493 519 4532 Ε
531 4495 596 4533 stram
610 4499 659 4533 11111
672 4507 696 4544 p.
710 4495 757 4544 2111,
776 4496 790 4539 l.
804 4495 837 4546 118,
857 4497 904 4535 aas
918 4507 943 4544 p.
956 4495 1003 4545 116,
1018 4507 1040 4538 n.
1049 4495 1068 4540 ⁴.
