3130 4990
285 472 337 527 130
424 469 591 526 asaiaco
609 469 638 528 S.
651 469 768 526 socia
786 469 1048 526 assosossffls
1067 427 1264 526 MooERNA.
1303 433 1310 452 '

284 653 372 717 baud
396 653 488 718 aubia
510 653 639 736 scripta,
669 653 882 734 reperiuntur,
906 674 1038 736 quornm
1062 674 1145 735 pars
1174 653 1343 735 atcauanta
1365 655 1402 720 in

289 740 427 807 Granico
442 741 675 807 Reinbardsbr.
693 742 850 825 descripta
865 749 918 807 est.
944 743 1012 807 Nec
1027 742 1124 822 facite
1138 742 1306 823 discanes,
1323 743 1404 824 auid

283 828 351 911 ipse
366 830 578 909 Erfordensis
600 830 772 913 scripserit,
797 830 877 912 qnid
898 851 936 896 ea
958 831 1131 896 annalibus
1152 830 1220 895 iltis
1241 838 1403 897 nunna

284 917 334 999 sit,
359 919 414 984 sed
435 925 555 985 constat
576 926 671 985 atam
689 926 815 1002 partera
838 921 877 984 ab
901 925 1045 985 a.1314.
1069 941 1166 1002 usqne
1188 921 1233 984 ad
1254 926 1400 984 (31335.

284 1008 422 1072 eiusdem
455 1029 520 1073 esse
548 1007 697 1090 auctoris,
725 1009 808 1092 qnod
835 1008 903 1072 wan
929 1029 968 1074 ea
995 1030 1031 1073 eo
1059 1015 1199 1091 apparet,
1230 1009 1314 1090 quod
1342 1009 1432 1074 iocis

284 1117 313 1160 a.
342 1101 435 1161 1317.
463 1102 556 1161 1331.
586 1103 679 1162 1333.
711 1118 750 1162 an
779 1097 951 1164 annalibus
981 1097 1402 1164 Reinbardsbrunnensibus

284 1184 400 1267 sumpti
422 1185 497 1250 sint.

390 1273 446 1339 Ita
472 1295 584 1338 rarum
606 1275 778 1356 scamnum
809 1275 904 1341 babes
934 1274 1076 1340 chronici
1105 1277 1145 1340 ab
1168 1297 1198 1339 a.
1219 1279 1313 1339 1209.
1342 1295 1403 1357 per

285 1369 407 1428 centua
436 1361 553 1446 cipinti
579 1370 693 1444 septem
715 1384 818 1428 annos
844 1385 866 1429 a
889 1370 1001 1444 septem
1023 1363 1205 1428 auctoribus
1227 1364 1274 1428 oei
1297 1363 1402 1446 piuri-

284 1451 340 1516 bns
369 1450 556 1534 continuati,
585 1472 717 1533 cnoriun
739 1452 885 1534 plerique
913 1453 953 1517 ab
983 1475 1014 1516 a.
1040 1457 1135 1518 1272.
1166 1452 1259 1518 rebus
1289 1452 1403 1518 r·cbatis
1413 1478 1438 1518 ιο

284 1541 430 1623 aecanos
451 1540 551 1619 fuere.

391 1630 479 1694 Nam
508 1651 538 1694 a.
559 1635 652 1694 1335.
685 1628 855 1695 Cronicam
883 1631 1066 1695 modernam
1095 1629 1224 1710 finitam
1252 1651 1318 1696 esse
1352 1631 1402 1696 de·

283 1717 458 1782 rnonsaaoi
476 1716 530 1782 ίΝ.
548 1717 685 1784 Arcbio'
704 1718 807 1798 XXI,
826 1740 860 1800 p.
878 1724 942 1783 446
958 1739 1022 1801 sqq.
1059 1719 1110 1783 Ab
1133 1719 1189 1783 boc
1210 1718 1296 1784 enim
1313 1740 1402 1783 anno

283 1805 427 1872 diversae
460 1806 713 1872 continuationes
745 1807 792 1872 oei
829 1827 939 1872 mrum
975 1807 1131 1889 reliquias
1168 1807 1205 1872 in
1242 1807 1403 1873 codicibus

284 1894 403 1960 nostris
435 1897 482 1961 oet
511 1895 604 1961 tibris
632 1902 804 1978 auctorum,
834 1896 890 1976 qni
919 1897 1003 1961 banc
1033 1895 1203 1962 Oronicaon
1232 1895 1437 1977 insanisse-is

283 1991 368 2066 runt,
388 1983 596 2050 continentur.
630 1985 772 2067 Quarum
788 1984 908 2066 pinca,
929 1983 996 2049 iam
1011 1987 1051 2050 ab
1070 2007 1100 2050 a.
1117 1990 1212 2050 1334.
1230 1983 1400 2066 incipiens,

283 2072 351 2138 iarn
380 2079 531 2138 a.1338.
561 2072 760 2154 terminatur,
795 2073 850 2138 sed
876 2080 951 2155 post
977 2095 1009 2138 a.
1036 2079 1129 2154 1340,
1160 2095 1229 2139 eum
1258 2093 1310 2140 res
1344 2073 1401 2139 boc

283 2183 370 2227 anno
390 2168 494 2244 cosme
515 2168 732 2242 numnentur,
755 2161 875 2243 scripta
892 2169 945 2227 est.
980 2162 1072 2227 Haec
1094 2161 1220 2245 intepra
1242 2161 1401 2244 descripta

283 2257 329 2317 est
350 2253 390 2316 ab
405 2257 531 2316 auctore
553 2249 801 2316 continuationis
823 2251 942 2332 tertiae,
966 2249 1022 2332 qai
1044 2272 1113 2316 curn
1136 2273 1173 2316 ea
1189 2257 1301 2334 partes
1323 2271 1346 2315 a
1368 2272 1401 2316 se

284 2339 468 2422 conpositas
506 2339 672 2404 coniunxit
683 2339 704 2403 ¹.
756 2340 954 2422 Frapmenta
985 2339 1114 2422 primae
1150 2339 1436 2409 continuationi-sss

283 2429 430 2511 luuntur
450 2426 488 2492 in
514 2427 609 2493 Gran.
633 2427 1004 2510 Reinbardsbrunnensi,
1030 2427 1134 2494 *cuins
1155 2435 1294 2494 extrem
1316 2449 1400 2509 pars
1409 2452 1496 2504 *psus

283 2517 360 2581 baca
382 2515 578 2581 continuatio
600 2522 653 2581 est.
701 2517 764 2581 Sed
785 2517 926 2582 cuiiea²
947 2519 1016 2598 fero
1037 2517 1196 2599 inteprarn
1224 2518 1306 2582 banc
1329 2538 1399 2582 con·

282 2604 490 2670 tinnotionern
526 2604 564 2669 in
601 2604 696 2670 aron.
732 2605 1127 2672 Reinbardsbrunnensern
1159 2612 1325 2687 receptam,
1361 2605 1400 2670 in

282 2693 441 2759 auditibus
462 2693 531 2759 eins
552 2693 671 2759 nostris
685 2715 820 2776 mapnas
836 2701 948 2776 partes
970 2694 1103 2759 ornissas
1120 2716 1193 2776 esse,
1218 2715 1288 2760 curn
1305 2695 1400 2759 certis

282 2782 478 2864 arpumentis
500 2803 634 2865 caperer,
657 2789 693 2846 nt
714 2781 865 2864 opinarer
884 2783 1066 2848 Conradurn
1089 2783 1435 2863 Huaasnaosom

282 2870 338 2952 qui
366 2871 541 2936 maainmrn
563 2878 690 2953 partem
719 2871 857 2936 eiusdem
886 2871 1133 2937 continuationis
1157 2872 1196 2936 in
1223 2872 1399 2954 Cronopra-

277 2959 361 3042 pitia
383 2961 464 3025 sua⁸
487 2959 660 3042 descripsit,
685 2981 738 3025 eas
761 2981 799 3025 en
826 2960 1309 3040 oron.1teinnarasorunneust‚
1333 2980 1399 3024 nou

282 3070 321 3115 ccc
343 3048 447 3115 codice
473 3048 628 3115 Gronicac
651 3049 684 3114 S.
702 3048 792 3113 Petri
814 3049 1026 3130 inscripsisse,
1050 3070 1119 3114 mm
1141 3048 1236 3113 etiarn
1261 3048 1399 3113 Theode-

282 3138 385 3204 ricurn
414 3136 542 3218 Pauca,
573 3136 628 3220 qui
657 3159 695 3202 ea
725 3137 785 3202 bac
807 3145 902 3220 parte
933 3137 1087 3203 Oronicae
1116 3137 1397 3202 Reinbardsbrun-

281 3227 391 3293 nensis
419 3227 574 3309 qaudam
603 3226 777 3308 exscripsit,
807 3227 959 3308 quosdam
988 3228 1068 3292 iocos
1092 3226 1252 3307 praebeat,
1282 3224 1339 3306 qui
1361 3225 1437 3294 inso

282 3316 385 3382 cotue
422 3323 528 3381 nostro
567 3313 678 3380 mutilo
719 3314 874 3380 Oronicac
910 3314 1288 3380 Reinbardsbrunnensis
1333 3335 1400 3378 non

282 3406 436 3488 lepnntnr.
483 3405 572 3472 Unde
594 3403 631 3469 in
654 3403 789 3468 editione
810 3403 902 3468 rnea⁵
917 3404 973 3468 bos
995 3405 1076 3469 iocos
1097 3404 1135 3468 in
1157 3410 1273 3468 tectum
1295 3403 1399 3484 recepi

282 3495 377 3559 vatin
388 3493 526 3560 Granico
536 3491 899 3558 Reinbardsbrunnensi
910 3492 1219 3558 eatitisseartnotaoi.
1243 3491 1399 3557 Maxima

276 3603 359 3665 pars
382 3581 630 3648 continuationis
646 3581 774 3664 prinae
797 3587 842 3647 est
863 3580 975 3646 relatio
998 3582 1092 3663 tanpa
1115 3583 1153 3646 dc
1174 3581 1260 3646 ean
1279 3580 1398 3645 Iobou-

283 3669 336 3734 nis
353 3670 479 3735 XXII.
497 3693 604 3752 papae
626 3677 655 3736 et
670 3672 707 3736 de
721 3669 828 3735 initiis
843 3669 1010 3734 Benedicti
1024 3669 1112 3734 XII.
1131 3691 1247 3752 papae,
1270 3691 1286 3734 e
1305 3668 1436 3738 curioso

276 3779 383 3841 papae
405 3759 631 3841 Aoenionensi,
661 3765 696 3824 ut
724 3758 851 3839 conieci,
873 3759 1065 3842 paulopost
1087 3780 1116 3822 a.
1138 3765 1230 3822 1334.
1255 3757 1292 3822 in
1320 3757 1397 3823 Ger·

282 3845 426 3911 ncanwrn
446 3847 554 3928 inissa,
578 3870 672 3929 qnam
695 3847 790 3914 etiarn
804 3868 982 3931 anonymus
997 3847 1203 3912 Leobiensis⁶
1220 3846 1388 3929 exscripsit

284 4023 310 4089 1)
330 4020 403 4084 Quae
422 4021 537 4076 GontI.
563 4023 600 4074 od
620 4039 645 4078 a.
659 4025 736 4078 1334.
762 4023 837 4074 babit
861 4025 891 4073 r'n
911 4021 984 4076 Cant.
1004 4021 1059 4074 III.
1085 4023 1123 4072 ets
1143 4023 1300 4088 pracpnma
1324 4026 1397 4085 sunt,

283 4108 351 4159 quac
369 4093 495 4146 &uticae
519 4093 658 4145 cuodmua
677 4110 748 4160 pars
765 4093 842 4147 VIII.
870 4093 906 4144 ad
930 4095 1049 4150 a.1335.
1068 4091 1152 4157 babet,
1177 4109 1253 4160 quem
1276 4091 1398 4144 ordinem

283 4169 387 4218 matare
403 4165 485 4230 nolui,
504 4165 574 4216 unde
592 4165 622 4215 c‘n
640 4165 752 4218 aditione
769 4171 862 4217 nostra
877 4165 997 4232 priorem
1011 4171 1120 4232 partam
1139 4163 1354 4216 bonromaeus
1372 4163 1397 4217 I.
1406 4179 1434 4219 ιο

282 4237 403 4303 saunas*
420 4241 534 4288 muana
549 4251 619 4302 pars
638 4236 764 4288 Oronc'caa
781 4235 928 4302 medanae,
953 4251 1011 4288 mm
1030 4235 1244 4286 Continuati‘om's
1263 4235 1284 4288 I.
1310 4234 1397 4286 altu-a

279 4323 349 4376 pars
373 4313 396 4360 ct
415 4307 488 4361 Oout.
512 4305 566 4361 III.
592 4309 618 4358 εἰ
639 4309 785 4361 coniuncta,
874 4308 903 4373 2)
923 4307 965 4360 ‘N.
986 4305 1098 4359 Araia
1116 4305 1196 4372 XXI,
1219 4323 1249 4373 p.
1268 4305 1322 4360 465
1339 4321 1395 4372 sqq.

283 4379 310 4446 3)
327 4379 453 4431 Nondum
470 4378 548 4432 adita.
629 4379 657 4446 4)
675 4379 740 4430 Vide
758 4378 837 4441 infra
852 4395 881 4443 p.
896 4379 946 4431 139
958 4393 996 4445 sq.
1081 4377 1109 4447 ὅ)
1128 4377 1175 4430 SS.
1189 4377 1285 4441 XXX,
1299 4393 1329 4444 p.
1343 4379 1397 4432 654

284 4451 383 4507 -656,
455 4451 483 4519 6)
503 4449 606 4514 bibis,
624 4465 682 4517 cap.
695 4452 738 4516 10,
757 4449 816 4514 Pan,
836 4448 884 4504 SS.
898 4449 930 4503 R.
945 4451 1038 4509 Arutr,
1057 4448 1081 4516 I,
1100 4465 1121 4502 c.
1135 4451 1296 4505 oso-938.
