3208 5006
381 509 572 566 CRONICAE
590 509 756 566 MINCRIS
775 509 1038 569 ooNl'INUATIo
1056 512 1080 570 1.
1241 517 1294 571 673

176 717 252 760 rum
292 715 370 760 cum
405 693 632 759 multitudine
666 695 779 778 gravi,
810 695 1029 779 subiugavit³
1060 695 1126 761 sibi
1156 695 1294 762 Terram

177 786 349 861 Sanctam,
374 804 477 867 quam
500 782 651 847 salvator
673 787 791 848 noster
812 777 970 867 propriob
990 785 1159 869 sanguine
1182 806 1294 851 conse

177 874 295 951 oravit,
318 871 482 938 videlicet
512 871 735 950 Ierusalem0,
767 871 950 951 Nazareth,
976 873 1166 953 Bethleem,
1192 873 1294 940 Beth·

176 957 290 1047 fagei,
315 961 536 1047 sepulchrum
559 961 710 1038 Domini,
742 964 895 1026 montem
919 961 1019 1047 Syon,
1050 967 1203 1028 montem
1227 962 1294 1029 Oli·

154 1052 281 1128 sveti‘,
307 1053 459 1115 montem
482 1049 630 1126 Thabor,
655 1043 848 1115 Calileamf
873 1053 984 1115 totam
1016 1055 1051 1116 et
1074 1072 1167 1117 mare
1190 1051 1295 1136 Tybe-

176 1141 282 1205 riadis
305 1161 384 1204 cum
399 1137 559 1203 omnibus
583 1138 782 1203 civitatibus
805 1140 885 1217 suis,
910 1140 1069 1204 Ierichoss
1088 1161 1166 1205 cum
1189 1141 1294 1205 omni·

177 1230 241 1294 bus
264 1229 479 1307 suburbanis,
505 1227 685 1293 Cesaream
701 1221 889 1312 Philippii,
914 1229 1019 1293 aliam
1043 1250 1177 1313 quoque
1198 1228 1295 1294 Cesa-

176 1339 271 1384 ream
305 1317 480 1382 Palestine
513 1320 548 1382 et
579 1317 649 1380 alia
681 1316 794 1381 multa
804 1317 824 1394 ¹,
856 1317 980 1401 quibus
1015 1318 1214 1382 dominatur
1245 1317 1413 1383 'etur-6³¹·

178 1407 339 1492 possidet,
371 1405 585 1470 constituens
614 1406 652 1469 in
681 1406 730 1470 eis
758 1407 956 1490 capitaneos
979 1411 1016 1472 et
1038 1405 1198 1472 custodes
1222 1406 1295 1471 Sar

142 1521 167 1559 ιο
177 1515 327 1572 racenos,
344 1495 421 1559 loca
437 1495 652 1559 sanctissima
667 1495 737 1559 suis
754 1488 948 1579 spurciciis¹
968 1497 1235 1581 prophanantes,
1254 1499 1295 1560 ut

178 1585 262 1650 haul
288 1584 357 1648 dici
379 1583 502 1668 possit:
534 1583 640 1648 Facta
666 1589 712 1647 cst
733 1583 930 1648 Ierusaleme
958 1583 1051 1665 quaa
1066 1585 1191 1666 pollata
1212 1603 1438 1649 men-ramni.

176 1672 276 1737 struis
297 1671 383 1736 inter
400 1666 486 1737 coel.
522 1670 624 1756 Cepit
646 1692 781 1755 quoque
805 1675 841 1737 et
864 1673 1061 1757 perfodiens
1085 1674 1296 1759 expugnavit
1306 1693 1384 1748 1266.

178 1766 327 1827 castrum
358 1761 626 1825 munitissimum
649 1761 932 1845 Templariorum,
965 1762 1056 1844 quod
1086 1762 1215 1827 dicitur
1238 1761 1294 1826 Sa·
1304 1781 1359 1828 (ra.
1367 1780 1410 1823 ao.

177 1852 272 1936 phet,
305 1851 343 1914 in
374 1871 441 1933 quo
471 1851 597 1915 fratres
627 1850 813 1915 cruciferos
841 1854 877 1915 et
900 1851 985 1915 alios
1009 1850 1224 1915 Christianos
1247 1852 1296 1914 in·

144 1933 315 2005 raventos¹
338 1939 432 2004 duris
454 1939 634 2003 vinculism
657 1939 862 2003 constrinxit
885 1938 930 2003 ad
953 1939 1021 2003 duo
1044 1939 1141 2003 milia
1164 1943 1200 2004 et
1223 1940 1295 2025 plu·

176 2049 241 2093 res.
288 2028 362 2093 Hos
385 2048 503 2093 omnes
527 2027 690 2093 soldanus
721 2027 946 2111 singillatim¹¹
973 2029 1162 2094 examinari
1184 2029 1293 2107 iussit,

178 2117 437 2201 promissionem
459 2116 610 2181 faciens⁰
630 2116 806 2200 publicam
829 2116 968 2181 devita
990 2117 1059 2181 eise
1080 2117 1203 2194 danda,
1226 2118 1295 2200 qui-

179 2227 323 2290 cumque
348 2227 389 2271 ex
413 2206 461 2270 eis
478 2205 655 2269 Christum
679 2205 794 2270 Iesum
819 2209 854 2269 et
877 2206 980 2270 fidem
1000 2205 1131 2270 Christi
1153 2210 1296 2290 negaret

178 2300 214 2361 et
228 2296 507 2360 Machometuml
528 2294 716 2359 secundum
739 2295 845 2358 ritum
868 2293 1132 2360 Sarracenorum
1156 2296 1295 2360 coleret.

142 2386 222 2451 soIn
248 2385 311 2449 illa
339 2387 412 2448 tam
443 2383 636 2467 periculosa
665 2405 705 2448 aa
736 2383 853 2447 valida
882 2384 1111 2468 temptatione
1141 2385 1296 2449 fidelium

178 2474 267 2538 duor
294 2474 419 2538 fratres
450 2473 609 2550 Minores,
639 2472 804 2537 videlicet
832 2473 942 2538 frater
970 2473 1118 2538 Iacobus
1129 2473 1149 2551 ²,
1181 2477 1296 2539 custos

177 2563 340 2640 fratrum,
377 2567 413 2626 et
446 2563 520 2627 eius
554 2563 685 2626 socius⁸
720 2562 829 2626 frater
863 2561 1041 2640 Ieremias,
1077 2563 1297 2628 sincerissimi

178 2652 267 2716 servi
289 2651 365 2727 Dei,
391 2649 463 2715 zelo
486 2650 568 2715 fidei
591 2651 736 2726 accensi,
761 2652 1037 2716 constantissime
1060 2671 1122 2736 per
1145 2652 1295 2717 medium

180 2741 392 2824 captivorum
423 2740 653 2804 discurrentes
683 2737 923 2822 singularitert
952 2741 1128 2805 universos
1159 2744 1194 2806 et
1224 2742 1295 2804 uni-

142 2853 169 2893 ιι
180 2828 357 2894 versaliter
387 2827 541 2912 singulos
574 2829 612 2890 in
646 2828 714 2892 fide
748 2829 926 2893 katholica
961 2829 1217 2905 confortabant;
1256 2851 1296 2894 ex

179 2919 303 3001 quibus
342 2917 434 2980 VHI
476 2917 599 2981 timore
644 2917 765 2981 mortis
806 2917 936 3001 inpulsi
982 2917 1085 2981 fidem
1130 2922 1296 3001 negantes

180 3006 318 3091 publice
360 3008 657 3090 apostataverunt,
700 3005 807 3070 ceteri
848 3025 965 3070 omnes
1006 3007 1044 3069 in
1083 3007 1296 3071 confessione

179 3095 327 3161 nominis
344 3095 410 3159 Dei
433 3097 690 3178 perseverantes
714 3094 844 3177 pariter
863 3094 1027 3159 decollati
1050 3097 1131 3157 sunt
1154 3095 1296 3159 soldano

180 3185 331 3251 iubente.
378 3183 511 3248 Ultimo
539 3186 618 3266 post
640 3203 758 3247 omnes
787 3183 854 3266 ipsi
880 3182 949 3247 dno
972 3183 1144 3247 Minores¹¹
1171 3183 1296 3248 fratres

145 3275 247 3338 sciam
271 3273 441 3338 nominati
463 3272 645 3356 capitalem
670 3272 879 3337 sententiam
900 3271 1088 3336 subeuntes
1110 3271 1296 3355 gloriosum

181 3363 395 3427 martiriumv
423 3360 690 3445 compleverunt.
739 3359 898 3443 Quinque
927 3364 1091 3425 tantumw
1115 3361 1293 3426 civitates¹

181 3450 419 3516 Christianusy
446 3449 595 3534 populus
625 3449 739 3514 adhuc
770 3450 922 3534 possidet
951 3451 1007 3513 in²
1035 3449 1139 3514 Terra
1171 3449 1298 3514 Sancta

180 3607 360 3656 sistemus
372 3607 459 3655 anolus.
473 3605 502 3648 ΙΙ.
516 3606 542 3648 L.
583 3605 608 3656 b)
620 3607 651 3645 alr
666 3607 778 3658 1.Η.Ι,·
790 3617 831 3646 ano
847 3607 898 3648 add.
912 3607 932 3648 2.
994 3609 1015 3655 a)
1030 3605 1108 3646 lhrl'ur
1122 3608 1142 3650 1.
1189 3605 1296 3656 d)Becb·

180 3661 262 3711 pbage.
290 3659 420 3709 Sepulcrum
436 3661 454 3702 1.
522 3658 543 3709 e)
556 3659 641 3710 olyuetl
656 3661 674 3702 1.
736 3660 884 3711 OGalyleam
899 3661 917 3702 l.
975 3659 1149 3710 g)1lrerlchol.
1204 3657 1228 3708 h)
1241 3659 1297 3710 phy·

146 3713 235 3764 ttllppl
249 3715 268 3757 2.
322 3713 338 3762 l)
352 3715 432 3763 spuriis
447 3714 466 3755 1.
520 3713 544 3762 k)
557 3712 607 3752 lllos
623 3714 641 3755 l.
696 3713 712 3761 l)
726 3714 831 3753 lnuetlroe
846 3715 866 3756 2.
920 3711 950 3762 ιιι)
964 3713 1046 3753 ιΙιιοιΙι
1060 3715 1112 3754 add.
1128 3714 1149 3755 2,
1201 3711 1224 3764 ιι)
1238 3713 1298 3762 sigll-

180 3768 243 3807 lstlm
259 3768 276 3810 l.
338 3765 359 3818 o)
380 3767 411 3806 atr
424 3765 445 3806 2.
460 3767 496 3814 L,·
517 3766 577 3816 publ.
591 3767 634 3808 fac.
650 3768 669 3807 l.
738 3769 762 3816 p)
782 3778 859 3806 eorum
873 3765 969 3807 dandam
985 3766 1003 3810 1.
1070 3769 1093 3816 q)
1114 3769 1264 3817 Magumstum
1278 3767 1298 3809 l.

180 3825 200 3868 r)
214 3821 269 3860 duos
285 3820 303 3862 1.
370 3820 389 3871 ι)
409 3820 476 3870 aolus,
495 3830 521 3860 ns
539 3819 612 3862 (12.2,
681 3821 698 3868 t)
719 3821 796 3859 amm
811 3821 959 3861 discurrentes
979 3821 1029 3862 aad.
1044 3821 1063 3863 1.
1130 3822 1152 3866 ιι)
1173 3821 1200 3861 ir.
1214 3821 1265 3861 min.
1280 3820 1297 3862 1.

180 3878 204 3922 v)
218 3873 300 3913 martlss
315 3873 333 3916 l.
387 3876 416 3921 ιι)
431 3873 455 3913 th
469 3875 562 3924 (umen)
575 3871 594 3915 2.
653 3873 677 3924 x)
690 3883 732 3916 cm.
746 3874 765 3915 l.
825 3873 849 3926 y)
862 3873 934 3914 adhuc
948 3873 996 3916 chr.
1008 3885 1060 3923 pop.
1074 3884 1132 3924 poss.
1147 3873 1172 3924 15
1186 3883 1237 3922 pop.
1252 3873 1298 3915 chr.

181 3925 296 3970 adhncll.
350 3925 671 3975 anichflrflehsancta
685 3929 779 3969 teml.

146 4036 209 4102 sol)
230 4033 287 4086 Hoc
305 4031 358 4087 loeo
374 4033 534 4102 recapitulat
553 4039 645 4085 auctor
663 4049 707 4087 rea
727 4033 815 4100 lorch
838 4033 999 4102 ternporibus
1022 4039 1116 4100 amas.
1153 4032 1298 4086 Ieracsalam

181 4121 240 4156 acm
262 4106 327 4158 zora
343 4107 429 4157 sacas
447 4103 629 4156 adiacmtihas
647 4112 671 4156 a
689 4105 837 4159 Bethlehem
856 4107 912 4157 iam
937 4121 962 4160 a.
983 4106 1060 4161 1244.
1085 4109 1185 4172 captae,
1211 4121 1229 4156 a
1246 4105 1298 4157 sol·

180 4179 252 4229 dano
269 4177 371 4229 Biturs
387 4191 412 4229 a.
431 4178 508 4232 1263.
530 4191 606 4228 moras
629 4175 738 4228 Thabor
754 4183 855 4244 captus,
875 4177 1013 4230 Nazareth
1030 4176 1162 4229 destrucre
1179 4181 1224 4230 est.
1260 4177 1300 4228 Dc

183 4248 314 4300 Caesarea
325 4247 477 4300 Palestinae
494 4247 552 4298 cide
569 4261 655 4312 supra
667 4263 692 4302 a.
707 4249 784 4303 1265.
817 4247 947 4301 Caesarea
959 4247 1083 4315 Philippa·
1093 4247 1225 4313 (Paneas)
1243 4248 1300 4300 iam

181 4335 200 4370 a
217 4319 350 4372 saladino
374 4325 453 4385 capta
476 4323 543 4384 crat,
568 4333 648 4384 qaam
673 4319 730 4371 ideo
754 4325 859 4372 tantum
885 4325 979 4370 auam·
996 4319 1043 4371 hoc
1069 4319 1123 4371 loco
1143 4320 1299 4385 ammach,

148 4391 247 4458 asquia
264 4391 295 4443 ιἰι
313 4389 446 4456 mapalia
464 4391 521 4441 eiua
539 4391 635 4442 mentio
654 4391 727 4454 sacta
744 4395 789 4444 est.
854 4390 884 4460 2)
902 4390 943 4442 Dc
961 4389 1045 4442 Pods'o
1062 4389 1155 4455 (Par).
1193 4390 1301 4442 Horma

182 4462 347 4527 martyrium
364 4467 465 4512 narrat
488 4461 568 4512 ettam
585 4459 714 4513 Marinae
732 4461 861 4528 Sanctus,
888 4461 958 4516 Sar.
978 4461 1033 4528 ΙΙΙ,
1054 4463 1097 4526 12,
1114 4463 1142 4526 8,
1167 4461 1300 4528 Bonqara,

184 4532 265 4586 Creta
282 4531 335 4585 Dei
349 4547 399 4600 per
416 4532 537 4584 Francos
555 4529 593 4598 II,
615 4549 644 4600 p.
663 4535 724 4588 222.

1053 4606 1088 4659 43
