3188 4990
336 400 503 457 Gnouton
517 402 544 459 S.
554 401 670 458 PETRI
682 401 945 458 ERF'ORDENSIS
958 401 1048 459 MOD.
1068 403 1103 459 A.
1116 407 1192 460 1294.
1283 407 1336 460 809

209 586 392 650 turmatim
409 586 554 660 diffusis,
579 589 713 670 segetes
729 587 964 661 succiduntur,
990 607 1110 670 greges
1134 587 1333 670 abiguntur,
1347 595 1425 650 1294.

211 675 293 740 ville
328 675 572 753 incenduntur,
609 677 725 740 omnia
757 676 978 759 diripiuntur,
1009 675 1234 760 pauperrimis
1265 676 1337 758 qui·

213 765 353 847 busque,
379 765 471 848 quod
487 765 596 849 pudet
612 765 734 841 dicere,
760 764 868 829 eciam
886 764 986 830 brace
1002 763 1149 848 perviles
1172 767 1208 830 et
1224 763 1334 847 caliga

211 853 428 929 auferuntur,
460 858 496 918 et
526 857 566 916 nt
595 853 746 918 breviter
776 853 897 929 dicam,
929 853 979 916 nil
1010 856 1125 937 preter
1159 853 1334 918 infelicem

180 942 318 1006 avitam
341 943 474 1006 miseris
497 945 533 1007 et
555 941 755 1006 infelicibus
778 941 975 1006 hominibus
1004 942 1246 1024 relinquitur⁸;
1273 941 1428 1016 're-uror.

211 1030 402 1096 clamantes
432 1031 559 1114 quique
589 1051 683 1095 more
714 1051 875 1114 pecorum
906 1031 1033 1115 passim
1056 1034 1332 1114 prosternuntur.

210 1119 390 1202 Nusquam
414 1140 489 1205 pax,
514 1120 642 1203 ubique
665 1120 768 1195 Mars,
792 1139 961 1202 nusquam
985 1119 1184 1184 Christiana
1212 1120 1332 1203 pietas,

209 1208 339 1291 ubique
373 1202 561 1292 paganicab
597 1209 783 1273 crudelitas
814 1209 1038 1273 debachatur.
1086 1208 1182 1272 Illud
1217 1212 1334 1273 autem

209 1297 429 1381 impudencie
453 1297 592 1362 illorum
614 1298 853 1362 testimonium
869 1319 939 1363 nou
955 1301 1156 1382 preteream,
1181 1298 1273 1381 quod
1290 1298 1332 1362 ab

174 1405 200 1444 ro
210 1386 444 1450 asserentibus
474 1387 543 1450 dici
573 1386 671 1450 solet.
718 1387 830 1452 Aiunt
859 1387 950 1452 enim
975 1408 996 1450 a
1019 1387 1223 1470 quibusdam
1247 1386 1334 1470 ipso·

209 1495 286 1538 rum
311 1495 416 1538 anum
439 1476 632 1558 quandam⁰
653 1496 714 1540 seu
736 1475 889 1540 vetulam
906 1477 1187 1560 comprehensam
1206 1495 1333 1558 ungeu-

209 1559 349 1646 toqued,
381 1585 448 1647 quo
484 1586 647 1629 curruum
681 1568 756 1630 rote
790 1565 924 1629 solent⁰
955 1565 1049 1648 ungi,
1081 1567 1156 1629 toto
1191 1583 1334 1648 corpore

211 1647 431 1736 perlinitamf
451 1675 512 1718 seu
534 1655 737 1737 perunctam
762 1674 801 1718 ac
826 1654 950 1718 deinde
973 1654 1011 1717 in
1034 1653 1160 1738 plumis
1184 1653 1333 1736 disrupti

210 1741 374 1825 plumarii
411 1743 570 1806 totaliter
606 1741 798 1806 volutatam
838 1743 980 1826 sicqueg
1021 1742 1263 1807 coherentibus
1301 1741 1333 1807 ei

172 1831 363 1913 mundique
386 1831 512 1915 plumis
535 1832 572 1894 in
587 1831 769 1895 bestialem
792 1831 1055 1896 similitudinem
1072 1831 1301 1896 deformatam
1310 1831 1331 1907 ¹,

210 1923 465 1984 monstruosum
487 1920 682 1997 ridiculum,
707 1919 750 1983 ab
774 1919 857 2003 ipsis
881 1939 941 2004 per
956 1920 1144 1984 exercitum
1167 1919 1266 2044 (passi
1288 1919 1332 1982 ad

209 2008 445 2092 spectaculum
469 2008 750 2072 circumductam.
786 2007 928 2073 Iniciam
950 2008 1092 2072 dolorum
1114 2007 1169 2072 hcc
1196 2053 1203 2069 .
1273 2005 1481 2081 (te-umus.

209 2091 358 2172 resumi,
394 2097 486 2180 quod
521 2098 615 2162 omni
649 2101 702 2162 est
735 2098 873 2162 miseria
907 2096 1146 2171 miserabilius,
1181 2096 1332 2160 claustra

209 2186 524 2250 sanctimonialium
548 2187 761 2250 invaduntur
770 2187 791 2257 2.
816 2186 923 2269 proch
947 2179 1091 2270 pudorkl
1128 2185 1272 2248 crudum
1296 2188 1332 2249 et

169 2275 348 2340 recrudele
372 2275 625 2359 spectaculum!
656 2269 749 2339 Deol
763 2279 896 2339 sacrate
910 2275 1060 2358 virgines
1082 2275 1333 2358 protrahuntur

209 2367 245 2428 et
275 2364 318 2428 ab
349 2365 524 2427 inmundis
555 2364 762 2439 hominibus,
785 2385 900 2449 ymmo
922 2362 1219 2447 inpudentissimis
1243 2363 1331 2426 cani·

209 2453 273 2516 bus
308 2453 582 2536 prostituuntur;
618 2455 678 2517 sed
713 2474 776 2518 nec
806 2452 861 2517 vel
896 2454 944 2517 sic
975 2455 1144 2526 cessatum
1184 2452 1448 2535 sanguisomrn.

208 2543 419 2624 sauguinem
442 2542 566 2624 tangit.
603 2541 688 2606 Cum
712 2541 866 2606 famelici
888 2562 989 2606 canes
1012 2543 1049 2604 in
1072 2541 1163 2605 villis
1186 2543 1255 2605 iam
1279 2562 1331 2605 ex·

208 2631 344 2695 haustis
367 2631 416 2694 nil
431 2652 546 2695 rerum
561 2630 765 2694 victualium
789 2632 993 2707 1nvenirent,
1018 2632 1061 2695 ad
1078 2630 1239 2695 ecclesias
1256 2650 1331 2694 con·

170 2723 402 2795 avertuntur,
427 2720 519 2784 fores
535 2719 808 2802 effringunturffl,
832 2720 888 2783 vix
904 2741 925 2783 a
940 2720 1118 2785 sacerdote
1134 2719 1331 2784 celebrante

211 2829 331 2872 manus
362 2809 577 2885 cohibentur,
608 2809 733 2872 altaria
762 2809 949 2884 nudantur,
980 2812 1092 2874 vestes
1122 2829 1226 2881 sacre,
1255 2807 1330 2871 mis·

210 2897 298 2961 sales
322 2897 403 2962 libri
433 2917 509 2962 cum
534 2897 720 2961 calicibusn
748 2897 999 2974 distrahuntur,
1024 2901 1060 2962 et
1083 2917 1103 2961 o
1127 2895 1332 2960 amarissimi

210 2986 348 3051 sceleris
371 2985 573 3050 inmanitas!
609 2987 676 3049 iam
701 2991 785 3050 nec⁰
813 2986 856 3050 ab
883 2987 991 3071 ipsius
1015 2986 1145 3050 domini
1169 2986 1235 3050 Dei
1259 2985 1331 3047 uni·

209 3095 383 3140 versorum
400 3075 529 3138 iniuria
544 3076 704 3152 humana,
724 3096 838 3159 ymmo
853 3075 994 3140 beluina
1017 3075 1196 3138 hominum
1217 3073 1331 3137 rabies

171 3167 438 3247 retemperatur:
470 3163 591 3238 scelus,
621 3165 771 3247 inquam,
803 3185 824 3227 a
853 3164 1025 3228 modernis
1052 3163 1176 3228 seculis
1200 3161 1331 3225 inaudi-

209 3257 294 3328 tum,
332 3255 367 3318 et
401 3252 493 3336 quod
528 3251 724 3318 Christiane
758 3273 858 3316 aures
888 3253 1142 3327 exhorrescunt,
1174 3250 1327 3336 pixidesl’

209 3341 401 3406 hostiarum
416 3342 542 3405 vivifici
566 3342 717 3425 corporis
734 3340 873 3418 Christi,
897 3343 934 3405 in
954 3361 1023 3425 quo
1045 3341 1157 3405 tocius
1181 3341 1330 3404 humane

209 3549 232 3599 a)
245 3549 376 3598 relinquunt
389 3548 426 3600 2¹¹3
450 3549 608 3600 relinquuntur
621 3550 648 3600 Ε,
670 3550 707 3589 uec
728 3550 780 3593 recl.
794 3571 821 3580 -
833 3553 1006 3600 prosternuntur
1019 3560 1069 3598 om„
1090 3558 1146 3598 quoe
1163 3549 1186 3586 ln
1201 3547 1284 3586 tam
1295 3557 1332 3586 ax-

208 3607 275 3642 aaut.
330 3605 353 3651 b)
366 3604 471 3652 lniqultas
485 3608 509 3643 et
522 3603 573 3646 aad.
587 3601 620 3646 fb.
675 3601 695 3654 c)
709 3603 820 3652 qnondam
834 3603 859 3646 Ε.
874 3603 960 3646 Lelll.
974 3603 1002 3646 N.
1056 3599 1080 3650 d)
1094 3607 1192 3652 nngemo
1206 3601 1232 3643 Ε.
1245 3600 1332 3642 ΜΠ.

172 3656 231 3703 tte)
244 3657 276 3695 stc
289 3657 315 3700 Ε,
329 3657 414 3699 ΜΗ.
428 3657 455 3699 R.
470 3656 504 3702 N,·
525 3657 578 3706 ungi
591 3657 631 3698 eol.
645 3657 664 3698 1.
721 3657 784 3704 oste
799 3660 817 3700 1.
830 3656 855 3699 Ε.
870 3657 956 3699 Iam.
970 3657 1003 3702 N:
1025 3656 1129 3706 paruum
1143 3655 1171 3698 R.
1223 3653 1246 3704 3)
1260 3655 1291 3694 sle
1305 3653 1331 3697 Ε.

209 3710 294 3753 Lem.
336 3710 359 3759 Ιι)
368 3715 421 3760 post
434 3710 487 3749 haec
499 3711 594 3760 spretum
608 3711 678 3748 llnsoc
691 3721 781 3748 cacum
796 3712 814 3752 1,
854 3711 871 3760 1)
886 3710 980 3759 Insuper
994 3711 1092 3748 claustra
1106 3706 1163 3750 ἓν).
1203 3707 1227 3758 k)
1241 3707 1332 3748 dolor

209 3763 237 3804 E.
251 3763 337 3806 ΜΠ.
351 3763 375 3804 R.
444 3763 461 3811 1)
475 3761 563 3812 (leoque
577 3761 627 3801 Μ
642 3766 691 3810 (cm.
705 3763 774 3812 proch
789 3783 816 3793 -
829 3763 913 3813 speon).
981 3765 1011 3813 ιιι)
1031 3763 1062 3800 sr'c
1077 3765 1095 3804 1.
1109 3759 1168 3803 Μ.
1182 3761 1209 3804 R.
1224 3761 1258 3810 Ν)
1279 3771 1331 3801 con·

209 3817 337 3866 frluguntur
349 3815 374 3857 E.
389 3816 475 3858 Letll.
549 3819 572 3864 ιι)
585 3817 694 3866 marutia
707 3817 745 3864 (-
754 3829 779 3866 p,
793 3817 840 3866 314,
861 3817 876 3859 l.
889 3817 915 3866 t)
927 3817 1002 3855 dsunt
1015 3815 1042 3864 Ε,
1056 3814 1139 3854 duobus
1151 3814 1212 3863 loliis
1226 3815 1271 3858 166.
1286 3816 1332 3858 167.

209 3871 295 3919 eculeis,
309 3871 346 3910 sod
359 3871 382 3908 fn
397 3870 427 3908 Le
437 3870 480 3909 ΙΙΙ
491 3881 518 3909 ecc
531 3869 646 3920 aarum
659 3870 738 3908 cadim
751 3870 772 3908 s
787 3871 857 3908 mulla
871 3880 945 3908 eorum
959 3871 1068 3920 ωπον-ἐμω
1082 3873 1137 3912 mne.
1212 3867 1234 3920 ο)
1254 3869 1285 3907 etc
1298 3869 1332 3916 B,-

171 3925 200 3965 40
209 3935 251 3966 om.
265 3927 284 3967 1.
337 3923 361 3973 p)
374 3924 405 3962 alc
418 3924 478 3966 Μ.
491 3923 518 3966 R.
532 3924 618 3963 conl.
634 3923 667 3972 N,·
682 3923 780 3972 pixidem
796 3925 816 3963 1.

211 4101 238 4167 1)
260 4100 333 4152 Idem
351 4106 450 4152 nanas
469 4101 538 4165 Sifr.
557 4100 588 4152 de
606 4099 760 4152 Boletaria
782 4116 803 4153 c.
821 4103 883 4166 237,
909 4099 957 4155 SS.
970 4098 1065 4164 XXV,
1086 4115 1115 4166 p.
1129 4101 1190 4166 712,
1209 4101 1240 4150 fn
1257 4101 1333 4151 cuius

205 4173 302 4238 priore
325 4186 402 4239 opere
426 4173 506 4224 dmm
529 4172 608 4224 certo
633 4172 680 4236 (a.
705 4187 734 4224 n.
752 4169 783 4236 ²⁸¹)
808 4173 930 4238 ungento
954 4185 1008 4238 quo
1033 4173 1094 4223 rote
1116 4185 1246 4223 curruum
1266 4169 1333 4240 ungi

207 4241 307 4310 solent,
332 4259 390 4294 cum
415 4241 464 4294 boo
490 4243 543 4295 loco
566 4245 754 4309 convenientia,
781 4242 912 4308 locuntur.
950 4241 1044 4293 Etiam
1065 4257 1172 4294 carmen
1193 4241 1333 4292 Iouddum

208 4331 231 4368 o.
251 4315 300 4368 33:
329 4329 407 4366 senes
432 4311 583 4366 denudavit
606 4311 743 4368 mulieres.
825 4313 854 4382 2)
879 4312 943 4366 Vide
959 4329 1027 4380 quae
1043 4314 1074 4364 in
1093 4313 1167 4367 cont.
1190 4311 1333 4378 Thurino„

171 4393 200 4434 so
211 4383 256 4438 ‘D.
276 4384 350 4439 Chr!
368 4385 408 4448 II,
432 4401 459 4452 p.
478 4386 539 4450 306,
564 4385 658 4436 addita
674 4391 746 4441 sunt.
