3182 4996
297 473 352 528 378
387 468 579 525 deomena
595 469 623 526 S.
634 468 751 525 PII'I'RI
762 469 923 526 ERFORD.
942 469 1049 527 OON'I.
1059 469 1114 526 III.
1133 472 1169 529 A.
1181 471 1366 528 lust-lass.

153 713 179 760 ct
189 640 290 752 efflei
299 657 419 731 tatem,
445 653 606 719 'maximo
635 656 740 718 vento
767 653 805 716 in
835 655 954 718 eadem
985 655 1071 720 hora
1099 655 1216 720 subito
1242 654 1349 718 flante
1373 673 1522 723 emm

175 745 181 756 '
244 742 250 754 '
285 742 523 828 'permissione
538 743 665 819 divina,
690 763 732 807 ex
747 763 815 825 quo
837 743 917 826 igne
942 745 1098 827 predicta
1121 746 1242 809 civitas
1257 740 1418 806 totaliter

301 831 470 896 conbusta
484 831 555 894 fuit
566 832 586 894 ¹.
610 831 680 895 Ubi
695 831 844 896 sedecim
861 851 1029 917 sexageno
1044 834 1223 897 hominum
1240 835 1276 897 et
1287 829 1416 894 XVIII

300 922 456 986 homines
486 921 816 986 circumsedentibus
845 921 921 984 noti
950 921 1194 988 miserabiliter
1226 919 1415 1007 perierunt,

300 1010 452 1094 exceptis
482 1009 559 1072 aliis
588 1009 777 1074 innumeris
806 1009 993 1092 incognitis
1017 1014 1053 1075 et
1075 1011 1227 1077 advenis.
1273 1010 1318 1073 In
1340 1009 1440 1092 ipsas

300 1099 408 1163 eciam
432 1099 518 1162 hora
540 1097 738 1162 balistarius
762 1099 844 1162 dum
868 1099 1075 1164 secundam*
1093 1100 1201 1165 telam
1224 1098 1414 1183 sagittavit,

300 1188 439 1271 qnidam
462 1186 499 1249 in
522 1187 643 1250 meniis
666 1188 818 1252 civitatis
847 1191 942 1251 stans
972 1209 1014 1253 ex
1036 1188 1103 1254 Dei
1125 1191 1280 1254 vindicta
1301 1189 1414 1271 ipsum

298 1276 372 1341 tela
401 1277 525 1341 emissa
554 1276 741 1350 interiecit,
771 1277 969 1343 marchione
1004 1279 1159 1362 predicto
1190 1279 1281 1343 circa
1314 1296 1417 1340 suum

300 1365 393 1428 latus
417 1365 608 1428 assistente.
654 1365 793 1429 Accidit
816 1365 924 1430 eciam
947 1366 997 1430 ibi
1022 1368 1195 1432 modernis
1219 1366 1344 1431 seculis
1367 1366 1416 1428 in·

301 1455 468 1530 auditum,
488 1454 579 1536 quod
595 1473 694 1518 aures
710 1455 897 1520 christiane
916 1456 1036 1519 audire
1052 1459 1292 1541 expavescunt.
1324 1454 1416 1518 Nam
1427 1474 1454 1513 ιο

300 1543 438 1627 quidam
456 1543 550 1607 canis
573 1542 881 1626 impudentissimus
903 1545 1041 1608 nomine
1057 1545 1243 1610 Heinricus
1262 1546 1305 1609 de
1318 1543 1416 1608 Volc-

301 1636 390 1696 stete
412 1631 563 1714 pixidem
586 1631 776 1696 hostiarum
800 1633 927 1696 vivifici
950 1634 1100 1717 corporis
1124 1634 1263 1710 Christi,
1287 1633 1324 1696 in
1347 1653 1416 1716 quo

299 1720 413 1785 tocius
429 1721 578 1784 humane
595 1719 717 1785 salutis
733 1741 866 1785 summa
882 1723 1048 1797 consistit,
1073 1723 1241 1806 arripiens
1256 1722 1416 1806 prorupit

300 1809 338 1873 in
353 1811 416 1874 heo
433 1808 552 1874 verba:
579 1808 774 1892 ‘Nunquam
789 1830 872 1874 usus
894 1831 968 1874 sum
986 1812 1052 1876 hoc
1068 1815 1291 1888 sacramento,
1313 1811 1416 1875 modo

300 1919 419 1962 vorare
436 1898 513 1962 volo
537 1899 582 1962 ad
606 1899 846 1974 saturitatem’,
870 1900 976 1963 etsie
1001 1905 1133 1984 partem
1149 1901 1327 1966 devoravit
1342 1920 1454 1984 par-rs

300 1991 440 2070 temque
461 1988 499 2050 in
522 1988 755 2072 pavimentum
781 1987 922 2064 deiecit;
947 1989 1007 2071 qui
1030 1993 1150 2073 postea
1171 1991 1209 2052 in
1233 1991 1328 2054 brevi
1347 2009 1416 2052 sus·

301 2077 426 2160 pendio
450 2076 691 2140 miserabiliter
713 2080 755 2140 ut
775 2077 881 2140 Iudas
903 2079 1007 2161 periit
1031 2079 1122 2142 circa
1144 2079 1321 2144 civitatem
1345 2077 1418 2142 Sal·

144 2186 444 2248 emurrnungen.
534 2171 654 2229 Eodem
677 2188 761 2229 anno
777 2171 955 2246 Grysheym
978 2169 1014 2230 et
1037 2167 1105 2232 alie
1126 2171 1275 2250 quatuor
1298 2160 1412 2231 ourieb

206 2260 472 2360 ,mdestrnote
495 2264 599 2318 sunt.

213 2367 291 2421 1346.
408 2343 525 2406 'Anno
548 2343 690 2406 Domini
712 2342 983 2409 Mocoxnvn.
1016 2345 1103 2409 obiit
1133 2346 1273 2410 domina
1302 2345 1455 2410 Meoh-so

197 2430 432 2503 (tavahildis.
457 2430 670 2496 nobilissima
693 2433 939 2497 marchionissa
953 2433 1217 2516 Thuringorum,
1242 2435 1418 2498 Ludewici

300 2519 516 2671 iFmssperatoris
533 2520 605 2584 filia
614 2522 635 2597 ²,
655 2521 859 2605 sepultaque
879 2525 931 2586 est
950 2523 987 2586 in
1003 2521 1101 2587 Cella
1117 2543 1223 2608 prope
1240 2524 1418 2588 civitatem

361 2609 454 2693 berg.

213 2669 292 2780 1024}
407 2703 527 2762 Eodem
556 2721 640 2762 anno
668 2706 701 2762 in
724 2705 775 2762 die
798 2707 900 2764 sancti
922 2706 1054 2764 Dionisii
1077 2707 1331 2765 intoxicatus
1355 2711 1418 2765 est

151 2791 291 2839 ‘tw-11·
301 2794 470 2867 Imperator
498 2793 684 2852 Ludevicus
714 2812 782 2868 per
813 2795 971 2852 ducissam
1002 2796 1041 2853 de
1064 2797 1202 2864 Austris,
1230 2813 1303 2854 cum
1333 2809 1454 2853 amo-rs

301 2899 380 2939 rem
410 2883 511 2940 sancti
533 2881 683 2940 Iohannis
713 2900 846 2941 secum
876 2884 1031 2941 biberet.
1077 2885 1219 2942 Tandem
1247 2886 1418 2960 imperator

300 2988 459 3028 venenum
475 2972 629 3040 senciens,
649 2989 779 3046 sperans
794 2973 937 3041 evadere,
956 2973 1145 3031 ascendit
1161 2990 1305 3050 equum,
1329 2991 1416 3031 cum

301 3061 386 3117 suis
410 3061 452 3118 ad
476 3061 679 3118 venacionem
708 3061 1000 3136 proficiscens,
1024 3063 1178 3138 expiravit
1200 3064 1233 3121 in
1256 3079 1346 3139 equo,
1371 3079 1416 3120 se·

300 3150 408 3224 pultus
431 3150 535 3207 estin
558 3151 686 3208 civitate
709 3145 870 3207 Monam&

213 3239 290 3293 1349.
406 3233 509 3297 Anno
528 3232 670 3297 Domini
686 3232 977 3297 MOOOXLVIII.
1013 3233 1216 3299 Guntherus
1240 3255 1352 3300 comes
1373 3236 1454 3300 deso

301 3321 523 3396 vaarcaberc,
550 3317 692 3403 [dictus⁰
721 3323 764 3386 de
787 3317 971 3404 Arustete],
995 3323 1122 3388 nobilis
1146 3327 1181 3388 et
1204 3324 1356 3388 famosus
1380 3328 1416 3388 et

193 3433 253 3481 (ran.
262 3411 465 3483 1).memoria
488 3411 622 3494 dignus,
647 3411 684 3473 in
708 3410 808 3475 bellis
831 3431 966 3494 quoque
989 3416 1184 3490 strennuus,
1210 3414 1340 3479 electus
1363 3418 1417 3477 est

300 3498 337 3562 in
361 3519 476 3584 regem
491 3500 723 3564 Romanorum
747 3519 808 3584 per
823 3501 993 3585 principes
1017 3501 1231 3580 subnotatos,
1255 3501 1417 3567 videlicet

301 3609 361 3671 per
385 3590 561 3653 dominum
586 3590 628 3653 de
648 3588 826 3665 Virnbore,
850 3588 1053 3673 Mogontine
1080 3591 1170 3656 sedis
1194 3591 1418 3675 archiepisco-

300 3677 414 3761 pumt,
446 3699 507 3762 per
529 3677 750 3742 Ludevvicum
773 3677 1142 3763 Brandenburgensem
1173 3681 1454 3756 marchionem,rs

300 3867 322 3918 a)
342 3869 373 3906 ric
390 3869 447 3914 (tela
464 3869 515 3916 tm.
526 3871 588 3918 neu.)
606 3868 627 3910 t.
640 3869 654 3910 l.
674 3873 693 3908 st
707 3869 769 3917 infra
783 3871 797 3913 1.
811 3870 830 3912 8.
852 3872 863 3909 1
883 3869 918 3922 (N
929 3870 992 3910 hotot
1009 3871 1030 3914 t.
1044 3872 1060 3914 l.
1077 3867 1198 3911 secundam
1212 3873 1308 3912 {sardam
1321 3875 1340 3910 a
1354 3872 1419 3919 iutra

300 3921 394 3960 baculam
409 3922 483 3970 misit).
563 3923 586 3970 b)
606 3923 637 3961 stc
651 3921 675 3960 N
693 3933 740 3962 cum
754 3923 815 3967 Cant.
829 3925 869 3970 H.'
889 3924 985 3965 aeclesis
999 3927 1018 3963 1.
1100 3923 1122 3974 c)
1142 3925 1164 3968 d.
1178 3923 1207 3965 de
1221 3928 1249 3970 Δ.
1262 3925 1335 3965 endem
1349 3937 1418 3964 mann

176 4004 178 4008 .
299 3985 406 4023 rupem.
419 3977 439 4024 1,
453 3975 528 4014 dms!
545 3974 569 4017 Υ.
583 3974 611 4018 N.
840 3993 843 3998 ·

301 4101 328 4164 1)
347 4098 404 4150 Hoc
428 4099 480 4151 loco
500 4099 586 4166 plura
604 4117 684 4168 pamm
709 4103 740 4153 in
759 4101 832 4156 Gom.
850 4102 890 4157 ΙΙ.
916 4105 1051 4171 accipre
1075 4109 1139 4155 sunt
1165 4119 1198 4154 η
1222 4105 1418 4156 minuatione

299 4169 444 4236 deperdda
463 4185 496 4221 esc
513 4172 603 4223 cadon
621 4179 729 4238 sumpta
746 4172 822 4225 babet
844 4176 933 4237 frater
950 4175 1008 4228 ord.
1028 4175 1249 4226 Praedicator-um
1267 4175 1367 4228 Ismuc.
1386 4177 1455 4228 inco

300 4239 380 4298 Cron,
403 4241 486 4294 Thra.
505 4258 526 4295 c.
545 4244 588 4306 22,
610 4243 627 4311 ξ
647 4247 681 4298 10
698 4243 778 4308 (Pur.
796 4261 816 4297 c.
832 4247 903 4305 101).
942 4245 985 4308 Of.
1004 4245 1049 4299 (Ν.
1069 4245 1183 4296 Archio’
1201 4245 1282 4308 XXI,
1304 4262 1334 4311 p.
1353 4247 1417 4300 478.

299 4313 328 4377 2)
344 4311 406 4363 Iam
423 4329 448 4366 c.
464 4314 541 4368 1346.
563 4313 616 4366 Iul.
634 4316 667 4378 23
693 4317 765 4370 Anu.
780 4315 932 4378 Vasacen,
951 4315 999 4370 SS.
1015 4316 1091 4382 XVI,
1107 4319 1201 4384 p.45;
1226 4317 1298 4370 Ana.
1314 4317 1418 4368 Vem-

301 4383 614 4506 0011.0011.I(1)pe1p.223.
669 4385 697 4453 3)
715 4386 758 4450 Cf.
775 4403 843 4453 quae
860 4387 982 4442 adeost.
998 4387 1082 4441 Itur.
1101 4389 1236 4442 adnm
1290 4387 1418 4454 4)Hcr'n·

299 4471 386 4506 rerum
454 4497 460 4510 .
