3208 5006
266 393 317 446 716
496 389 688 445 ononlcan
707 389 871 446 MINORIS
889 389 1086 446 APPENDIX
1104 389 1161 448 111.

126 551 375 655 ssrggtf'ggfinaemper.
412 567 457 622 nt
474 568 540 623 hoc
558 567 712 623 Damasus¹¹
734 587 806 640 papa
827 569 932 624 cantari
957 569 1105 626 constituit.
1142 569 1243 624 Postea
1261 571 1386 626 Gelasius

267 674 340 726 papa
364 659 392 710 et
416 655 566 728 Gregorius
591 673 663 727 papa
687 659 841 712 maxime
868 645 1045 723 collectaa1,
1070 657 1227 710 secretum
1250 657 1283 711 et
1305 671 1386 711 com·

98 740 399 816 a.p.uo.aao.plendaa
428 744 460 797 et
487 744 619 800 cantumb
649 746 822 802 addiderunt.
865 746 1029 802 Ambrosius
1053 745 1267 802 Mediolanensis
1291 765 1386 816 ymnos

269 817 435 886 composuit,
461 817 509 871 sed
534 815 684 887 Gregorius
709 821 818 872 sanctus
845 835 917 888 papa
943 819 1043 888 ipsos
1071 820 1216 873 cantari
1242 819 1386 875 instituit

147 888 430 948 so.9.u⁷o.Ambrcsius
459 891 493 942 et
518 888 703 958 Augustinus
732 888 900 959 episcopi
933 891 968 944 Ta
992 891 1077 943 Deum
1108 891 1251 944 laudamus
1276 899 1409 960 compo-⁶

148 988 175 1030 u.
179 998 204 1036 ρ.
212 987 259 1029 oar.
267 981 428 1044 suerunt,
447 971 504 1028 sed
526 970 693 1046 Gregorius
717 989 799 1047 papa
819 973 940 1030 cantari
959 973 1107 1030 instituit.
1145 977 1300 1034 Sanctus
1319 975 1386 1033 Gre-

147 1059 258 1106 upuer.
267 1049 360 1118 gorius
386 1065 479 1118 papa
496 1047 619 1102 officium
637 1049 873 1118 quadragesimale
899 1067 916 1104 a
940 1049 1031 1118 capite
1054 1049 1150 1104 ieiunii
1174 1050 1284 1120 incepit.
1321 1049 1387 1104 Post

268 1119 449 1188 epyphaniam
480 1124 508 1174 et
537 1120 638 1189 post⁸
667 1121 863 1189 penthecosten
893 1121 952 1189 ipse
979 1119 1129 1191 Gregorius
1159 1137 1232 1191 papa
1261 1121 1386 1175 ordinare

187 1190 385 1260 *fitncuravih
412 1193 461 1244 *ut
487 1194 530 1244 tot
555 1190 647 1244 officis
674 1208 782 1260 semper
808 1191 970 1260 habeamus,
996 1191 1089 1261 quode
1112 1191 1249 1247 dominice
1274 1198 1387 1262 possunt

268 1263 392 1317 evenire·
418 1266 453 1316 et
472 1262 614 1316 constituit
634 1267 696 1332 post
721 1266 864 1332 tempus
887 1263 962 1316 beati
979 1262 1056 1317 Petri
1080 1263 1261 1332 apostoli⁴
1287 1263 1386 1318 laetum
1398 1274 1423 1310 10

267 1333 355 1388 sancti
380 1303 459 1386 iauli
485 1333 601 1403 apostoli
626 1332 655 1386 in
680 1333 793 1388 diversis
819 1333 916 1388 officiis
941 1334 1088 1402 observari,
1115 1334 1237 1403 quamvis
1262 1352 1317 1389 uno
1342 1335 1386 1388 die

149 1405 339 1474 unornpaasi
364 1404 473 1462 luerint.
517 1404 564 1459 Sic
591 1405 643 1459 iste
670 1409 779 1459 sanctus
804 1403 955 1476 Gregorius
982 1422 1055 1475 papa
1081 1421 1151 1475 pene
1179 1405 1271 1459 omnia
1296 1405 1386 1459 officia

267 1475 450 1530 ecclesiastica
475 1475 619 1532 ordinavit.
657 1474 713 1530 Sed
737 1476 887 1545 hystoriam
911 1476 946 1530 de
971 1479 1065 1530 sancta
1090 1476 1213 1530 trinitate
1231 1476 1386 1545 Stephanus

267 1547 435 1602 Leodensis⁰
453 1547 599 1616 apposuit.
631 1545 766 1617 Magister
783 1564 892 1616 quoque
904 1547 1004 1601 Karuli
1017 1547 1139 1618 Magni
1157 1563 1194 1602 re
1200 1548 1256 1618 gis
1268 1547 1387 1601 Albinus

268 1619 378 1673 nomine
405 1635 439 1672 ex
465 1623 564 1688 rogatu
591 1619 677 1673 sancti
705 1617 843 1673 Bonilaoii
869 1618 1066 1688 archIepiscopi
1092 1619 1201 1673 missam
1232 1618 1267 1672 dc
1293 1622 1387 1672 sancta
1399 1629 1423 1666 15

148 1699 204 1749 sup.
212 1699 257 1740 oss.
268 1689 390 1744 trinitate
409 1689 570 1758 composuit.
607 1689 767 1759 Antiphone
786 1694 904 1744 autem
930 1689 958 1743 in
977 1689 1126 1744 Antiochia
1150 1707 1200 1758 per
1225 1690 1386 1760 augelorum

268 1782 379 1832 cantum
398 1782 427 1832 et
444 1795 494 1847 per
511 1781 636 1832 amotum
653 1777 795 1848 Ignatium
812 1773 1033 1848 patriarcham,
1054 1795 1156 1847 quem
1172 1777 1284 1832 Petrus
1303 1795 1366 1847 apo
1376 1809 1387 1820 ·

268 1850 387 1903 stolus
415 1849 571 1904 ordinavit
598 1849 665 1919 ibi,
693 1849 805 1904 inicium
833 1850 1003 1918 hahuerunt,
1031 1853 1060 1904 ct
1087 1849 1185 1904 exinde
1212 1849 1247 1903 ad
1275 1852 1387 1904 cunctas

267 1938 392 1992 transivit
421 1937 549 1992 ecclesias
579 1942 690 1992 cantare
721 1938 892 2007 antiphonas.
941 1931 1076 1990 Sanctus
1106 1931 1275 2009 Gregorius
1304 1949 1386 2007 papa

267 2021 411 2080 stmiliter
433 2022 644 2096 anthiphonas
667 2023 786 2079 canteri
809 2021 949 2078 instituit
958 2015 979 2080 ⁵.
1026 2021 1107 2079 Nam
1130 2021 1386 2098 antiphonarium
1397 2039 1425 2076 so

268 2111 335 2186 ipse
358 2104 455 2169 fecit⁶
474 2119 502 2171 et
521 2115 554 2170 de
573 2115 713 2170 sanctis
731 2119 760 2169 et
779 2115 813 2170 de
832 2115 968 2170 defunctis
987 2115 1078 2171 officia
1095 2117 1170 2186 ipse
1189 2115 1386 2172 ordinavit.

149 2186 424 2247 auennensem
454 2186 658 2257 Gregorius
687 2203 780 2257 papa
809 2186 844 2241 de
874 2187 1032 2242 martiribus
1062 2191 1091 2242 et
1121 2187 1155 2242 de
1186 2187 1386 2242 confessoribus

191 2280 375 2345 ‘meatque
406 2276 441 2330 de
467 2280 561 2331 sancta
586 2276 638 2330 Dei
665 2275 815 2347 genitrice,
843 2263 897 2328 *de
925 2271 1090 2328 dominicis
1118 2276 1151 2328 et
1178 2271 1217 2329 de
1244 2270 1330 2328 feriis
1358 2281 1386 2331 et

267 2347 416 2401 letaniam⁷
441 2346 482 2402 de
509 2347 622 2402 diversis
650 2347 773 2402 conciliis
798 2352 826 2401 et
853 2347 1008 2417 apostolicis
1032 2348 1066 2401 in
1090 2365 1195 2402 unum
1221 2348 1333 2418 collegit
1359 2353 1386 2402 et

268 2434 391 2490 divinum
410 2435 532 2490 officium
551 2434 740 2491 ordinavit
762 2440 790 2490 et
808 2436 913 2492 cantari
937 2436 1063 2492 instituit.
1108 2431 1199 2489 Unde
1222 2431 1289 2506 ipse
1312 2429 1422 2488 ore-2⁵

268 2520 373 2594 gorius
396 2519 458 2576 fuit
481 2523 513 2576 et
535 2523 666 2577 vocetur
689 2519 788 2577 divini
810 2519 905 2577 officii
928 2520 1096 2578 ordinator.

147 2609 258 2658 upana.
375 2595 430 2650 Grs
451 2596 524 2650 orius
542 2613 613 2666 papa
632 2595 687 2649 III.
707 2597 839 2650 ιοιιιιιιι8
857 2597 979 2651 omnium
991 2600 1148 2650 sanctorum
1160 2597 1278 2650 instituit
1290 2596 1344 2650 cel
1353 2613 1386 2650 e-

268 2666 370 2722 brari
389 2667 422 2720 in
477 2668 519 2723 al.
537 2666 769 2736 Novembris,
789 2667 883 2737 quod
900 2669 976 2736 prius
993 2665 1151 2722 Bonifacias
1168 2685 1241 2737 papa
1259 2665 1331 2721 IIII.
1350 2668 1384 2721 in

268 2737 412 2792 Pantheon
437 2738 691 2792 constituerat
716 2738 849 2794 iustum
874 2740 996 2792 omnium
1020 2738 1172 2794 martirum.
1215 2739 1292 2793 Iste
1317 2737 1386 2793 Gre-

289 2810 361 2863 orius
388 2827 460 2878 papa
486 2809 541 2864 111.
569 2809 706 2864 ordinavit
735 2814 859 2865 sanctum
885 2809 1060 2864 Bonilacium
1088 2810 1321 2880 archiepiscopum
1351 2810 1423 2862 ineo

149 2895 260 2945 upote
302 2883 429 2950 oguntia
453 2885 481 2935 ct
506 2881 620 2951 pallium
639 2881 665 2936 ei
683 2881 767 2936 dedit.
805 2881 962 2950 Insuper
981 2880 1131 2951 Gregorius
1148 2899 1221 2951 papa
1235 2880 1332 2948 VHM,
1355 2885 1386 2934 ut

269 2955 426 3006 sanctorum
438 2953 582 3006 martirum
595 2957 623 3007 et
635 2957 791 3006 sanctorum
800 2952 989 3007 Romanorum
1001 2951 1163 3022 pontificum
1172 2952 1385 3021 sollempnitates

269 3041 332 3078 cum
350 3024 431 3093 pleno
450 3023 541 3078 officio
560 3022 765 3092 celebrenturd,
784 3024 921 3079 instituit.

426 3105 616 3164 EXPLICIT
638 3107 693 3164 DE
717 3104 1002 3165 ORDINAGIONE
1025 3105 1229 3164 nconneln.

482 3283 637 3342 INCIPIT
659 3284 714 3342 DE
737 3282 1022 3343 ORDINACIONE
1045 3281 1174 3342 MISSE.
1397 3299 1422 3340 ao

151 3396 261 3446 repon.
376 3378 431 3433 Per
448 3378 617 3433 Clementem
636 3396 761 3448 papam
781 3379 839 3448 ipse
858 3379 986 3433 beatus
999 3376 1098 3432 Petrus
1116 3383 1278 3432 ornamenta
1295 3379 1387 3432 altaris

152 3456 298 3520 repauset
316 3449 483 3519 pontificalia
502 3454 530 3504 et
548 3449 726 3504 sacerdotalia
746 3449 890 3520 ordinavit,
909 3454 944 3504 et
962 3449 1014 3502 ita
1027 3447 1153 3503 Olemens
1165 3449 1289 3503 tradente
1303 3448 1387 3503 Petro

271 3522 394 3591 apostolo
421 3539 500 3576 usum
526 3539 665 3575 sacrarum
692 3522 808 3575 vestium
838 3538 872 3575 ex
899 3521 962 3592 lege
988 3520 1105 3588 sumpsit
1131 3521 1166 3574 ad
1194 3519 1386 3575 celebrandum

190 3593 389 3660 *ardfmiseaa
408 3593 556 3647 scilicet
575 3592 703 3647 baculum
715 3591 908 3662 pontificalem,
928 3591 1049 3659 anulum,
1067 3591 1182 3659 pallium
1196 3597 1223 3646 et
1235 3597 1387 3646 ceterarum

271 3793 294 3838 a)
308 3787 420 3830 damasius
434 3800 452 3829 c.
507 3787 530 3839 b)
545 3793 627 3832 caute.
681 3792 701 3837 c)
715 3790 776 3830 cicc.
830 3789 853 3836 d)
867 3789 980 3829 celebrare
993 3799 1010 3830 a.
1397 3797 1424 3835 ιο

273 3970 299 4034 1)
327 3968 370 4032 Of.
389 3984 474 4036 stupra
495 3985 525 4036 p.
544 3969 604 4023 579.
624 3969 685 4023 590.
774 3967 804 4036 2)
830 3966 931 4018 lumem
949 3967 1002 4019 cluo
1021 3967 1077 4030 locs',
1097 3983 1129 4034 ¹p.
1148 3969 1208 4023 570.
1234 3972 1258 4018 et
1279 3983 1307 4033 p.
1326 3967 1387 4032 590,

272 4041 406 4091 coniuncti
431 4045 502 4093 aaut.
593 4041 620 4106 3)
648 4039 719 4090 Nota
747 4039 879 4091 lectionem
905 4039 1021 4090 codicem
1047 4038 1073 4089 A
1093 4040 1117 4092 1.
1145 4040 1170 4092 2.
1261 4039 1288 4105 4)
1316 4036 1389 4088 Nolo

273 4111 404 4162 tediosam
422 4111 539 4162 codicum
558 4109 581 4162 Ο
591 4112 614 4165 1.
634 4113 660 4176 2,
686 4113 716 4160 in
735 4109 901 4176 sequesats'tua
925 4125 983 4160 eam
1006 4111 1188 4160 recessionum
1213 4109 1246 4161 A.
1272 4107 1295 4160 O
1314 4111 1338 4162 1.
1362 4109 1389 4162 2.

273 4183 300 4248 5)
324 4181 367 4244 Cf.
387 4181 506 4234 Horssm's'
524 4181 633 4233 Garama
659 4181 766 4232 anianae
791 4180 877 4246 I,87.
968 4181 995 4248 6)
1019 4179 1062 4244 Cf.
1085 4179 1219 4231 Iohannis
1239 4179 1308 4230 diac.
1328 4177 1389 4230 Vs‘tu

274 4252 353 4316 orep.
380 4252 454 4318 Lo:
479 4249 710 4320 Antiphouarium
737 4293 743 4306 .
770 4293 776 4305 .
803 4294 809 4306 .
835 4249 1001 4319 compilavit.
1090 4251 1117 4317 t)
1144 4251 1202 4303 Hoc
1226 4250 1332 4302 sertsaem
1356 4257 1424 4302 acet

271 4341 298 4390 p.
318 4325 379 4379 589.
422 4323 563 4390 Seqsoents'a
587 4323 665 4376 cerba
691 4325 720 4374 in
745 4323 892 4376 ruenetona
917 4323 941 4374 A
969 4338 1022 4376 aon
1049 4326 1163 4376 exuant.
1261 4323 1289 4389 8)
1318 4319 1390 4374 Noto

273 4395 402 4446 lectionem
421 4395 517 4446 codicia
536 4393 593 4450 01.
