3130 4990
348 455 516 512 ORONIOA
534 455 563 512 S.
576 454 692 512 PETRI
710 455 970 514 ERFORDENSIS
989 454 1186 522 MODERNA.
1275 459 1326 514 141

221 637 363 704 nuatione
393 638 447 704 II.
480 643 770 704 01336-1353.
805 646 931 706 auctam
964 637 1208 720 0000000001,
1244 637 1328 704 inter

221 747 290 808 quos
312 727 401 810 leriae
424 727 537 792 eminet
559 733 588 792 et
609 727 743 792 maaimi
764 727 912 793 momenti
934 733 978 794 est

319 815 367 897 E)
402 819 497 882 coclea
530 815 730 882 bibliothecae
763 816 869 898 reciae
903 815 1154 882 Dresdensis
1188 815 1227 880 K
1251 821 1326 896 316,

219 904 312 969 chart.
337 905 390 986 4⁰,
414 902 516 970 naedio
538 925 618 970 saec.
640 905 719 970 XV.
750 905 787 970 in
816 911 967 970 concentu
996 905 1137 985 fratrum
1159 903 1327 968 Minorum

191 993 250 1058 as
274 993 443 1059 Elisabeth
472 1000 563 1059 entra
591 1015 698 1060 muros
728 994 932 1060 Isenacenses
965 994 1025 1058 sito
1058 991 1207 1076 smiptus,
1239 992 1329 1058 cuitus

4 1071 6 1110 ³
210 1081 317 1164 prima
346 1082 428 1162 solia
457 1087 499 1146 42
529 1082 636 1148 excisa
659 1082 827 1165 perieram
836 1085 857 1146 ¹.
903 1083 944 1148 F.
969 1087 1139 1146 44-132.
1170 1081 1330 1146 continent

221 1170 371 1237 Oronicac
409 1170 649 1254 Thuriuamum
681 1171 884 1238 Isenacensis
922 1171 1157 1252 amplificatae2
1184 1169 1328 1252 priorem

211 1266 332 1340 partem
355 1281 452 1341 usque
467 1261 511 1325 ad
527 1283 559 1325 a.
574 1267 669 1325 1350.
693 1281 762 1326 enm
777 1259 1002 1326 additamentis
1016 1281 1112 1342 usque
1128 1261 1172 1326 ad
1185 1281 1216 1324 a.
1233 1265 1326 1323 1406.

217 1347 341 1414 Dehinc
362 1349 464 1414 altera
485 1371 585 1414 amau
607 1369 687 1415 saec.
705 1349 785 1414 XV.
809 1349 906 1414 motu·
927 1349 1046 1430 scripta
1061 1348 1202 1430 sequitur
1223 1348 1248 1428 s.
1267 1354 1326 1412 133

3 1483 4 1516 ;
187 1437 344 1502 10—137‘.
368 1437 533 1502 historiola
562 1444 729 1504 conventus
757 1438 898 1518 fratrum
921 1437 1090 1502 Minorum
1114 1437 1146 1502 S.
1163 1435 1328 1502 Elisabeth

2 1521 4 1658 s
218 1526 432 1592 Isenacensis⁸
452 1547 549 1609 nsque
571 1528 616 1592 ad
636 1549 668 1591 a.
687 1532 782 1592 1442.
817 1527 916 1594 Hanc
937 1527 1078 1607 sequitur
1096 1528 1202 1591 eadem
1226 1526 1328 1590 altera

2 1661 3 1702 ,
216 1635 312 1680 uranu
333 1614 483 1698 scribtum
505 1616 531 1696 s.
550 1621 740 1680 138-194.
764 1615 934 1682 chronicon
949 1615 1167 1694 Erfurdeuse⁴
1182 1637 1213 1680 a.
1232 1621 1327 1678 1036.

219 1709 450 1780 1072-1353,
475 1703 527 1770 cui
547 1706 655 1770 eadem
677 1725 775 1770 manu
798 1705 823 1784 f.
848 1703 1054 1770 194—206‘.
1071 1704 1229 1786 posterior
1244 1725 1328 1786 pars

221 1791 372 1858 Oronicae
399 1792 638 1876 Thuriuamum
660 1793 862 1860 Isenacensis
890 1796 929 1860 ab
960 1816 990 1859 a.
1011 1799 1104 1857 1351.
1136 1814 1204 1858 cum
1234 1791 1327 1856 conti·

186 1881 366 1946 anuatione
398 1902 495 1963 usque
529 1885 573 1947 ad
605 1904 636 1947 a.
662 1887 747 1947 1414
778 1879 909 1965 (1410)δ
937 1881 1104 1970 subiuncta
1137 1888 1190 1946 est.
1237 1881 1328 1946 Haec

217 1969 316 2035 altera
345 1991 460 2036 manus
489 1970 604 2036 litteris
632 1970 797 2036 inclinatis
825 1973 915 2051 foede
944 1993 983 2037 ac
1008 1969 1327 2053 0000001000οι-

217 2059 311 2124 meris
333 2059 525 2142 cmnpemliis
547 2067 576 2124 et
597 2059 649 2124 his
670 2081 761 2142 00000
784 2061 865 2126 male
887 2061 977 2141 usa⁶,
1006 2058 1102 2124 nimis
1124 2061 1267 2124 mendose
1291 2079 1328 2124 ac

217 2147 323 2213 uitiosa
351 2148 486 2230 scribsit.
536 2148 635 2214 Illius
664 2148 804 2215 chronici
826 2148 1038 2228 Erfurdensis
1067 2149 1156 2229 lonae
1185 2146 1328 2212 munima

210 2257 291 2317 pars
306 2237 347 2301 ab
362 2259 393 2302 a.
409 2243 504 2302 1036.
523 2243 618 2302 1072.
642 2258 739 2319 usque
754 2239 798 2304 ad
812 2260 842 2302 a.
859 2244 953 2302 1335.
978 2259 1016 2302 eu
1036 2235 1174 2303 Croniae
1191 2237 1224 2301 S.
1238 2234 1328 2300 Petri

184 2329 359 2408 neucerpta
387 2333 440 2408 ost,
471 2333 500 2390 et
528 2347 566 2391 eu
595 2325 662 2391 eius
685 2324 797 2408 priore
819 2333 1114 2409 portenaticum
1136 2324 1239 2390 media
1262 2325 1328 2388 iam

209 2414 318 2497 plura,
341 2436 380 2479 eu
396 2414 688 2498 posterioremque
710 2417 755 2480 acl
776 2421 921 2481 01335.
946 2415 1089 2498 plurima
1111 2415 1222 2479 selecta
1244 2419 1327 2478 sunt.

216 2503 415 2568 Incommode
437 2503 560 2584 accidit,
591 2505 675 2586 quod
703 2504 797 2568 huius
820 2504 928 2586 partis
958 2507 1018 2570 duo
1047 2503 1129 2583 folia
1156 2509 1227 2567 166.
1256 2509 1326 2584 167,

216 2612 266 2656 res
294 2613 325 2655 a.
353 2597 448 2658 1294.
475 2598 569 2658 1295.
599 2593 802 2674 continentia,
832 2595 938 2659 erulsa
960 2593 1034 2658 mut.
1080 2593 1131 2658 Iis
1153 2613 1233 2674 quae
1255 2597 1329 2674 post

217 2686 360 2745 01208.
386 2683 423 2747 de
453 2687 639 2746 terraemotu
661 2705 692 2746 a.
712 2687 806 2747 1279.
834 2689 863 2748 et
891 2684 928 2747 cle
958 2682 1041 2746 obitu
1064 2681 1240 2762 Abraham,
1272 2682 1327 2746 snb

183 2789 246 2832 na.
280 2775 374 2833 1267.
410 2773 447 2835 de
485 2770 560 2835 locis
593 2770 695 2836 sacris
730 2770 923 2850 Palestinae,
958 2777 993 2834 ut
1025 2770 1062 2834 in
1096 2771 1161 2835 cod.
1195 2777 1226 2850 1,
1256 2775 1329 2852 post

199 2855 360 2922 ’0.1276.
385 2861 422 2924 de
450 2859 609 2940 monstris,
633 2880 713 2940 quae
742 2866 771 2924 et
798 2859 835 2924 in
862 2867 876 2922 1
902 2860 1056 2942 leuant-ur,
1081 2859 1243 2938 habentur,
1268 2857 1328 2922 elu-

216 2967 283 3012 cere
300 2947 432 3029 ridetur,
457 2954 491 3012 ut
513 2947 579 3013 iam
601 2969 701 3030 supra
717 2971 751 3030 p.
772 2954 833 3013 133
849 2969 895 3030 sq.
919 2947 997 3029 diui,
1020 2947 1077 3013 hoc
1098 2947 1268 3013 chronicon
1290 2968 1329 3011 eu

217 3035 317 3102 codice
346 3037 513 3120 archetypo
543 3060 572 3102 a.
601 3043 694 3102 1335.
725 3036 852 3102 Montis
876 3038 908 3102 S.
931 3036 1020 3102 Petri
1049 3035 1225 3117 excerptum
1253 3056 1327 3115 esse,

217 3125 392 3206 ecquidem
415 3126 454 3190 ab
470 3125 665 3206 Erfurdensi
680 3128 823 3208 arcadum,
847 3127 902 3207 qui
917 3125 1108 3208 praesertim
1131 3125 1212 3189 locos
1232 3123 1326 3189 Gran.

183 3216 383 3279 nmodernae
398 3235 449 3278 res
464 3215 678 3294 Erfordenses
700 3217 857 3280 tradentes
879 3213 1001 3297 recepit,
1026 3215 1080 3279 sed
1097 3235 1161 3278 non
1177 3214 1328 3277 monacho

218 3301 341 3367 Montis
365 3304 398 3368 S.
419 3302 518 3384 Petri,
549 3303 604 3385 qui
633 3303 721 3370 haud
743 3325 851 3386 pauca
880 3303 1010 3368 aliunde
1039 3308 1164 3383 sumpta
1193 3300 1326 3382 addidit,

124 3391 362 3472 ‘nm'qccorum
391 3393 546 3456 nonnulla
575 3413 613 3457 eu
641 3393 814 3458 annal-ibus
836 3391 978 3457 brevibus
1001 3389 1252 3470 Erfordensibus
1275 3410 1328 3454 seu

222 3479 450 3562 Thuriuaicis⁷
479 3481 593 3546 hausta
626 3488 713 3562 sunt,
742 3488 910 3563 praeterea
938 3501 1046 3546 uersus
1073 3480 1268 3544 memoriales
1301 3485 1330 3543 et

219 3635 245 3704 1)
261 3637 348 3692 Facile
366 3637 523 3690 crediderim
548 3637 610 3689 haee
628 3639 696 3702 solia
715 3638 841 3690 Grouieae
859 3637 887 3692 S.
900 3638 975 3688 Petri
989 3639 1107 3703 inimum
1123 3642 1229 3704 partem
1248 3653 1329 3704 usqum

184 3707 253 3758 macl
272 3709 395 3764 01202.
422 3711 587 3762 continuisse.
625 3709 667 3773 Cf.
688 3709 733 3763 1Ν.
752 3709 865 3760 Archia'
883 3707 962 3773 XXI,
986 3725 1014 3775 p.
1033 3709 1195 3762 276-282.
1222 3709 1273 3762 466
1290 3725 1327 3775 sq.

217 3780 244 3846 2)
265 3779 305 3830 De
328 3794 382 3845 aaa
407 3779 442 3842 cs.
461 3779 505 3832 ‘N.
525 3779 635 3832 Arahie'
654 3780 719 3844 XX,
741 3796 770 3846 p.
789 3782 951 3836 uos-415.
1042 3781 1069 3845 3)
1095 3778 1179 3830 Edita
1205 3779 1327 3830 101)ἀο-

218 3853 311 3901 manni
328 3850 443 3916 Serapeo
460 3850 538 3914 XIV,
559 3869 588 3918 p.
608 3853 770 3906 378—382.
789 3851 823 3902 ab
841 3851 974 3903 Herschcl.
1045 3851 1074 3917 4)
1094 3851 1228 3902 Titulcia
1247 3851 1329 3902 codice

218 3921 260 3970 itti
276 3935 329 3973 non
344 3923 477 3988 praesum.
549 3925 576 3988 5)
596 3923 716 3989 Reliqua,
743 3937 809 3989 qnae
827 3922 870 3974 hic
887 3923 1007 3986 continet,
1026 3921 1072 3974 hoe
1090 3921 1142 3974 loco
1159 3923 1326 3988 adnotentur,

217 4007 269 4043 non
291 3997 399 4060 oportet.
436 3993 530 4060 Nuper
554 3993 722 4047 0110000
747 3996 777 4044 in
795 3993 930 4046 ‘Zeitschm
949 3993 971 4056 s.
995 3993 1080 4047 Ihrlr.
1101 3992 1200 4046 Gesch!
1218 3993 1328 4056 XVIII,

183 4071 242 4130 nop.
261 4065 296 4117 24
313 4079 368 4130 sqq.
394 4063 426 4114 de
450 4063 497 4116 hoe
520 4065 602 4116 codice
623 4065 757 4119 disseruit.
847 4067 873 4130 0)
897 4065 929 4115 Ut
953 4067 1104 4132 saepissime
1122 4065 1200 4130 9lus)
1220 4079 1274 4131 pro
1299 4080 1329 4115 os

218 4136 344 4202 scriptum
363 4142 408 4188 est.
437 4135 538 4202 Saepei
556 4138 684 4202 scriptum
697 4137 807 4200 ridetur,
827 4135 897 4186 abib
917 4135 1021 4205 (etiam)
1042 4137 1177 4202 leuandum
1191 4143 1235 4198 est,
1253 4150 1329 4203 saepe

218 4207 295 4256 stram
314 4207 348 4258 est
364 4207 517 4272 (0001)οο
534 4207 565 4258 tfi
584 4207 706 4273 (tamen).
770 4209 796 4275 7)
816 4207 949 4271 Quaedam
968 4223 1001 4257 eor
1018 4208 1110 4258 tabida
1129 4207 1244 4274 quadam
1264 4207 1328 4269 fiun-

218 4275 354 4328 dationum
372 4277 542 4329 abbatiarum
561 4277 780 4343 Cistereieneium,
800 4293 915 4345 quamam
937 4279 1089 4330 tabularum
1108 4279 1207 4329 hiuttae
1225 4281 1329 4328 0001001

219 4349 264 4412 (of.
292 4347 324 4403 L.
345 4347 529 4413 Jauauecmt,
557 4348 630 4413 Orsa.
658 4349 761 4403 Cistere.
786 4350 814 4414 I,
839 4367 868 4416 p,
889 4357 1034 4415 11128001
1061 4350 1110 4403 Fr.
1135 4349 1243 4412 Winter,
1270 4347 1329 4398 ‘Die

184 4433 210 4473 m
219 4417 402 4470 Cietsrcieneer
420 4421 456 4468 tm
468 4421 592 4474 medani.
606 4421 796 4472 Deutecldamt’
811 4421 834 4484 I,
848 4437 878 4488 p.
891 4423 944 4475 320
955 4423 1023 4486 sqq.)
1037 4420 1158 4488 prosata
1171 4435 1223 4470 esse
1242 4417 1330 4468 siden-

219 4494 271 4540 tur.
312 4489 615 4546 decemuiralem.
637 4507 671 4543 eu
692 4493 862 4559 inscriptione
883 4494 1038 4542 mmasterti
1058 4491 1183 4542 Itmmer's
1199 4490 1329 4556 praeemit.
