3130 4990
253 464 304 518 156
341 461 505 516 ORONIOA
519 461 546 517 S.
557 461 673 517 PETRI
685 461 948 518 ERFORDIINSIS
961 461 1049 518 MOD.
1068 461 1103 518 A.
1114 465 1297 520 1091-1098.

97 665 242 712 opnsru.
359 650 452 708 Anno
474 651 600 709 Domini
624 651 738 711 MXCI.
782 653 948 711 Maohthilt
971 653 1010 710 de
1033 653 1250 728 Longobardia
1273 653 1368 711 Hein-

252 739 315 796 rico
338 740 403 814 regi
426 741 564 798 rebellat.

359 828 472 886 Auno²
505 829 631 887 Domini
661 829 806 888 MXCIII.
853 831 985 906 Eclipsis
1015 831 1089 888 solis
1118 831 1203 889 fecte
1230 835 1280 888 cst
1309 831 1366 888 III.

103 904 347 1008 nenorhmb
376 917 447 985 diei,
471 922 504 976 et
527 919 620 976 draco
642 921 729 976 visus
753 923 811 977 est.

96 1021 242 1066 cessato.
358 1005 470 1064 Anno⁰
507 1008 634 1065 Domini
668 1007 829 1065 MXCIIII.
885 1008 1070 1066 Pestilenoia
1104 1015 1195 1084 gravis
1224 1015 1400 1070 hominumo

251 1094 336 1152 iacta
358 1101 415 1153 est.

358 1186 450 1242 Anno
473 1175 623 1243 Mileti
666 1187 826 1261 Lupoldus
849 1187 987 1243 marchio
1017 1190 1050 1243 et
1071 1183 1256 1244 Heinricus⁰
1284 1187 1368 1260 pala·

251 1273 337 1330 tinus
361 1291 465 1331 comes
489 1265 666 1332 obierunt*

358 1363 450 1420 Anno
474 1363 617 1421 MCXVI.
664 1363 732 1421 Hoc
755 1381 838 1422 anno
861 1364 996 1439 populus
1020 1364 1255 1422 innumerabilis
1283 1357 1368 1422 viro·

251 1465 327 1506 rum
351 1449 387 1508 et
411 1446 615 1510 mulieruml
639 1470 676 1510 ex
693 1453 888 1510 diversarum
904 1454 1049 1528 gencium
1066 1452 1207 1527 parthus
1225 1457 1367 1510 armatus
1378 1469 1405 1507 ro

251 1539 465 1597 lerosohmam
488 1541 622 1598 tendens
645 1542 759 1599 Iudeos
782 1543 935 1617 baptisari
964 1530 1149 1616 computis,
1174 1540 1365 1598 renuentes⁸

252 1620 364 1685 ubivis
387 1622 539 1687 locorum
563 1632 707 1688 inmensa
722 1631 798 1688 cede
812 1631 999 1706 profligavit.
1034 1630 1129 1705 Apud
1145 1617 1364 1705 Mogonciemll

251 1733 348 1774 vero
372 1719 587 1794 utriusque
611 1737 732 1776 sexus
752 1719 840 1776 iudei
857 1736 987 1776 numero
1004 1719 1088 1776 mille
1111 1723 1143 1776 et
1158 1718 1251 1775 XIIII
1273 1719 1366 1776 inter·

252 1804 327 1862 fecti
351 1812 435 1876 sunt,
460 1811 493 1864 et
516 1810 653 1865 maxima
676 1825 748 1883 pars
772 1809 909 1866 civitatis
936 1813 1048 1866 exusta
1071 1812 1128 1864 est.
1175 1807 1274 1876 Indoi,
1299 1809 1366 1882 qui

251 1911 306 1968 per
335 1895 476 1953 diversas
506 1898 682 1972 provincias
715 1895 810 1955 metu
838 1891 1066 1974 compellente
1090 1895 1259 1954 Christiani
1289 1896 1403 1954 factiro

252 1988 337 2051 sunt,
362 1973 493 2043 iterumi
524 2003 544 2042 a
567 1985 803 2044 christianitate
827 1980 995 2064 paulatim
1019 1989 1224 2043 recesserunt.

358 2063 471 2133 Anno¹¹
498 2074 624 2132 Domini
655 2073 814 2132 MXCVII.
861 2075 1035 2150 Imperator
1068 2075 1107 2131 de
1141 2074 1233 2132 Italia
1263 2075 1364 2132 rediit.

251 2151 414 2222 Comedus
446 2165 528 2237 patri
558 2181 614 2220 suo
644 2164 790 2221 Heinrico
824 2165 1065 2239 imperatori
1094 2163 1233 2232 rebellat,
1264 2167 1297 2220 et
1326 2163 1365 2220 ob

250 2253 332 2310 hanc
354 2253 500 2309 iniuriam
523 2253 636 2309 iuniori
659 2269 716 2310 suo
739 2253 802 2310 filio
825 2270 957 2327 regnum
980 2253 1124 2328 iuiungit.

358 2337 464 2399 'Anno
481 2341 607 2399 Domini
625 2339 800 2399 MXCVIII.
837 2341 1017 2399 Ruthardus
1033 2341 1282 2415 archiepiscopus
1301 2340 1400 2397 Mo-ro

250 2420 438 2505 gontinus**
469 2445 530 2508 pro
561 2426 719 2508 pecunia,
751 2446 853 2507 quom
884 2425 985 2488 Iudei
1014 2424 1190 2488 interiecti
1223 2411 1471 2507 relique-'²⁸⁵³

250 2507 397 2590 runt¹·²,
428 2521 566 2594 graciam
595 2521 677 2594 regie
706 2520 844 2594 perdidit
870 2523 902 2576 et
931 2521 964 2576 in
990 2519 1195 2594 'Ihuringiem
1225 2518 1362 2586 secessit,

362 2705 388 2771 *)
408 2704 435 2755 Ε
459 2705 520 2758 add.
547 2705 594 2756 hoo
620 2705 681 2768 loco,
705 2705 752 2756 ubi
774 2705 853 2768 infra
871 2721 897 2759 a.
911 2705 988 2759 1115.
1008 2704 1078 2755 uoce
1101 2704 1132 2754 de
1149 2703 1199 2755 too
1219 2719 1314 2770 puppo
1333 2719 1366 2756 ec

409 2777 488 2829 Cron.
508 2777 535 2830 S.
550 2776 624 2828 Petri
640 2777 790 2844 exemptus
806 2781 860 2828 ort:
884 2775 967 2828 Anno
986 2772 1128 2829 MGXV.¹¹¹
1153 2773 1291 2827 Henricus
1316 2791 1365 2828 rex

408 2848 560 2916 pungnsvit
579 2847 606 2898 in
625 2844 826 2900 Welfisholcz³.
1374 2853 1401 2894 25

305 2916 441 2971 versuo:
478 2921 558 2971 Anno
576 2918 681 2971 milleno
698 2925 801 2971 arnono
819 2925 859 2970 ter
877 2933 977 2984 quoquo
994 2918 1086 2983 quinto

479 2991 578 3042 Silvam
597 2991 726 3054 Welsom's
739 2989 901 3056 perfuderat
918 2989 993 3040 undo
1010 2990 1124 3040 cruoris.

479 3063 554 3114 Salvi
570 3061 696 3126 Saxones,
716 3061 887 3113 Franckones
908 3067 987 3126 atque
1007 3059 1149 3124 Iturium.

479 3132 612 3184 Hersen
633 3135 704 3197 repis
721 3135 802 3184 victor
819 3139 881 3184 tunc
898 3132 999 3183 exstitit
1016 3133 1060 3184 eit.

345 3201 390 3271 **)
410 3204 485 3255 Inter
503 3205 587 3256 Ir'neos
610 3203 758 3255 minoribus
782 3203 885 3268 litteris,
905 3203 949 3254 sed
966 3202 1055 3254 eodem
1072 3217 1155 3252 manu
1173 3201 1235 3254 add.
1251 3203 1281 3255 1:
1306 3199 1363 3254 Iste
1373 3217 1400 3257 to

407 3275 467 3342 pius
494 3274 635 3342 episcopus
663 3273 778 3326 contulit
804 3272 882 3326 nobis
910 3272 1008 3326 cellam
1034 3287 1121 3340 prope
1145 3268 1273 3324 Werrem
1300 3288 1364 3324 cum

407 3345 533 3398 omnibus
550 3344 726 3413 pertinenciis
743 3344 813 3412 suis;
832 3347 893 3396 acts
910 3347 974 3395 sunt
991 3343 1042 3395 hec
1061 3357 1131 3395 anno
1148 3341 1259 3395 Domini
1273 3341 1363 3398 1106.ὓ

212 3503 214 3510 ’
247 3509 269 3551 ιι)
283 3505 348 3548 Μ),
362 3517 402 3547 om.
413 3506 438 3549 Ε.
481 3504 540 3554 h)-h.
554 3502 785 3552 ter-clamatorum.
821 3503 841 3553 c)
855 3507 878 3542 et
892 3502 1066 3550 sequentianno
1082 3506 1137 3552 pest.
1151 3501 1175 3544 c.
1213 3499 1236 3549 d)
1251 3501 1364 3542 M⁰XGVI⁰

246 3561 320 3606 (Anno
336 3559 420 3609 om.)E.
474 3559 495 3608 o)
509 3560 522 3597 h
538 3558 663 3608 palentinus
677 3559 713 3600 ob.
727 3557 752 3600 E.
816 3556 975 3606 Occuponem
989 3556 1014 3598 II.
1075 3557 1097 3604 g)
1112 3555 1235 3595 renitentes
1249 3555 1312 3604 2⁸⁴¹,
1328 3567 1363 3596 ro-

248 3613 365 3652 nuncustu
378 3613 404 3654 E.
473 3613 497 3659 h)
512 3616 615 3661 mogunti·
631 3611 657 3653 II.
724 3609 740 3659 i)
754 3608 827 3650 denuo
842 3609 867 3652 Ε,
929 3607 953 3659 k)
966 3609 1074 3658 sequana
1088 3629 1113 3637 -
1128 3607 1179 3648 Otto
1193 3609 1247 3648 obiit
1268 3621 1288 3652 a.
1304 3610 1399 3655 1091136

246 3677 288 3708 om.
301 3665 327 3708 Ε,
379 3665 396 3714 l)
410 3665 548 3714 reliquerant
561 3662 619 3708 Μ.
673 3665 704 3710 m)
718 3662 826 3703 u⁰c⁰vx0
839 3663 864 3706 Ε.
918 3661 942 3712 n)
956 3663 1028 3714 Herm
1043 3661 1081 3718 ips
1097 3661 1123 3704 E.

248 3807 273 3873 l)
290 3806 409 3871 Frotolf.
422 3807 552 3872 (Eklreh.)
571 3823 596 3860 α.
611 3807 688 3872 1096,
704 3822 734 3872 p.
744 3807 811 3860 208:
832 3803 972 3870 utriusque
991 3819 1076 3857 sexus.
1134 3805 1162 3869 2)
1185 3803 1228 3866 Cf.
1241 3803 1361 3867 Fruiolf.

246 3877 378 3942 (lecket)
402 3893 427 3931 a.
448 3881 526 3940 1098,
547 3880 658 3944 11209.
748 3879 775 3942 3)
797 3876 841 3939 Cf.
860 3877 932 3929 Ano.
955 3875 1088 3940 Tturs'np.
1107 3872 1159 3940 Im,
1186 3874 1234 3926 SS.
1253 3873 1361 3938 XXIV,

242 3966 271 4016 p.
289 3949 340 4012 403
366 3948 409 4001 ‘N.
428 3948 541 4000 Archio'
560 3949 644 4012 XXI,
665 3965 694 4014 p.
714 3950 774 4003 5‘23.
865 3949 892 4012 4)
921 3945 1034 3998 Eosdem
1058 3961 1148 3998 puero
1167 3945 1243 3997 habet
1264 3945 1360 3996 Theoti.

245 4019 383 4084 Enpeltue
407 4021 446 4073 ed.
472 4019 600 4071 Modum
623 4035 652 4086 p.
672 4021 739 4084 2173
766 4019 806 4073 od.
831 4019 993 4081 Ler'bnr'tius,
1020 4017 1067 4069 SS.
1093 4017 1127 4070 R.
1153 4015 1292 4069 Brunoorh.
1319 4015 1397 4080 II,lo

243 4109 271 4158 p.
291 4091 368 4144 1696.
394 4091 441 4154 (cs.
465 4091 535 4144 Anu.
555 4091 736 4156 Dunemund,
763 4091 810 4143 SS.
829 4089 913 4152 XIX,
935 4105 964 4154 p.
984 4091 1051 4154 7093
1079 4088 1123 4142 ίΝ.
1142 4087 1256 4139 Archio'
1281 4086 1359 4151 VIII,

242 4179 271 4228 p.
291 4162 357 4225 6143
384 4160 594 4226 ‘Forsohunpen’
614 4161 693 4224 XIX,
718 4179 746 4230 p.
759 4164 819 4226 634,
839 4176 882 4214 or.
896 4162 977 4224 31⁸),
1003 4161 1048 4210 sed
1065 4165 1180 4226 quartus
1196 4173 1295 4222 versuo,
1313 4160 1362 4224 qui

245 4233 293 4283 hoo
311 4233 365 4284 loco
383 4247 449 4284 sano
465 4247 543 4284 eursu
561 4238 641 4297 caret,
660 4234 699 4284 ibi
716 4233 829 4298 lepitur:

510 4301 625 4354 Henrici
643 4303 714 4371 regis
734 4301 866 4356 exercitur
885 4305 926 4354 est
944 4303 1093 4369 superatus.

245 4373 272 4442 5)
295 4373 361 4425 Vide
385 4373 524 4425 Ruthordi
546 4379 662 4436 canam,
688 4373 902 4439 Botmer-Wul,
926 4373 989 4439 Rep.
1014 4373 1088 4428 oret.
1108 4373 1230 4438 Mopunt.
1250 4371 1326 4424 XXI
1329 4371 1396 4436 V,tt

244 4460 287 4498 nr.
307 4447 350 4508 44,
375 4444 399 4510 Ι,
420 4463 450 4513 p.
469 4447 530 4508 231,
556 4445 602 4496 uti
618 4445 705 4496 deleas
725 4461 768 4499 nr.
787 4447 829 4499 42.
