3214 4990
331 471 384 524 500
731 463 898 519 ORONIOA
917 464 1052 522 MINOR.

332 647 496 714 nuationie
510 647 567 712 VI.
588 653 713 728 partem
728 646 872 729 priorem
890 645 1061 729 empserit.
1092 647 1207 712 Altera
1218 669 1302 729 pare
1318 671 1348 714 a.
1366 654 1450 714 1278

331 742 474 801 -1291
498 739 543 802 ad
563 737 690 801 uerbum
713 756 752 800 eu
773 735 958 801 Annalibus
982 735 1450 802 81110019000091091

331 825 489 907 descripta
523 832 568 890 990
576 827 597 906 ²,
628 826 710 906 quod
739 845 804 889 nou
837 824 874 888 in
901 823 1096 906 Taurinam,
1127 827 1183 890 sed
1211 826 1248 890 in
1277 826 1451 908 erernpiari

331 914 449 980 codicis
476 913 670 996 Thurinpici
698 912 735 978 in
763 912 947 978 Bovarium
977 914 1079 978 delato
1108 914 1228 993 facttum
1258 936 1323 980 9999
1350 922 1448 996 patet.

335 1003 445 1068 Tertia
469 1023 560 1084 pare,
588 1022 683 1084 quam
703 1001 932 1067 Β919999099993
954 1002 1072 1082 rocam,
1100 1009 1189 1084 pecta
1210 1003 1399 1085 pontificum
1422 1011 1474 1070 etc

331 1091 557 1174 imperatorum
572 1113 602 1156 a.
620 1091 868 1155 1288-1330.4
884 1089 1018 1156 breviter
1032 1097 1173 1171 enarrat,
1190 1112 1285 1173 quam
1299 1091 1349 1157 W.
1362 1092 1451 1158 Wat·

332 1181 462 1246 tenbach
491 1181 518 1245 b.
543 1201 584 1244 m.
608 1179 737 1262 primue
765 1179 865 1244 edidit
891 1179 928 1244 in
952 1177 1130 1259 ‘Archiafi
1157 1181 1202 1244 K.
1231 1180 1449 1246 Oeeterreictri·

332 1269 421 1334 990999
441 1269 523 1351 GQ!
541 1268 643 1350 XIV,
661 1290 695 1351 p.
717 1274 755 1332 11
769 1287 833 1349 sqq.
880 1267 1030 1333 Haecin
1047 1268 1159 1349 priore
1181 1268 1316 1334 editione
1338 1277 1450 1334 nostra

332 1357 451 1423 9900999
485 1363 566 1438 erat,
602 1358 658 1422 ced
689 1356 756 1421 iam
792 1378 876 1436 eam,
911 1356 1071 1422 lectionem
1104 1357 1221 1423 codicis
1254 1358 1450 1423 Matseencie

332 1453 453 1527 nactus,
477 1447 674 1511 erneudatam
696 1444 956 1511 Continuatiouie
973 1446 1031 1510 VI.
1049 1445 1199 1527 partibus
1214 1446 1245 1510 Ι.
1270 1453 1298 1511 91
1316 1447 1369 1510 ΙΙ.
1394 1448 1489 1516 adm

330 1534 400 1616 ieci,
432 1555 502 1600 cum
532 1541 642 1600 auctor
671 1534 740 1598 9009
768 1534 805 1598 00
827 1534 994 1616 archetypo
1023 1534 1163 1600 codicum
1185 1535 1218 1599 B
1234 1529 1309 1599 1⁸³·b
1334 1537 1449 1617 procui

332 1623 427 1689 dubio
449 1645 519 1690 eam
542 1622 757 1703 adiunxerit⁵‚
786 1628 823 1687 ut
843 1623 1063 1687 narrationem
1089 1644 1196 1688 rerum
1217 1623 1264 1689 ibi
1286 1645 1383 1704 usque
1405 1625 1451 1689 ed

332 1735 362 1777 9.
380 1718 474 1777 1200.
491 1711 601 1794 (1291)
620 1714 805 1793 perductam
828 1712 872 1776 ad
892 1733 953 1776 909
976 1718 1114 1793 tempora
1136 1733 1233 1794 usaue
1250 1715 1447 1793 produceret.

334 1803 410 1867 Non
428 1821 563 1883 prorem
584 1799 711 1866 inutiiie
732 1807 778 1865 est
800 1801 876 1866 daec
899 1800 1048 1865 narratio
1071 1823 1092 1865 a
1107 1801 1244 1883 siraptici
1259 1801 1337 1882 uiro,
1362 1803 1448 1866 nodio

332 1890 473 1956 90090009
502 1911 568 1972 099,
599 1911 637 1955 ea
666 1889 819 1953 memoria
841 1887 917 1953 rudi
940 1909 1080 1954 sermone
1103 1889 1280 1970 cornpoeita,
1304 1889 1487 1972 90009019

332 2000 397 2044 non
419 1979 571 2044 9999999909
594 1977 701 2058 tenuit,
732 1978 845 2059 900009
873 1978 971 2043 annio
998 1998 1049 2042 999
1071 1985 1226 2044 narratae
1245 1985 1350 2060 aeetae
1373 1979 1447 2059 siut,

331 2069 388 2134 sed
401 2074 459 2133 aut
472 2087 674 2133 nummorum
696 2068 796 2132 lactem
810 2087 944 2132 uacuum
966 2065 1096 2148 retranit
1117 2074 1174 2132 cut
1194 2067 1294 2147 falsos
1310 2068 1449 2149 plerum·

332 2177 391 2239 que
420 2177 567 2222 00999999
597 2176 756 2220 annorum
784 2154 970 2220 indicauit⁶.
1020 2157 1108 2220 Nam
1136 2177 1214 2221 9909
1242 2163 1376 2238 apparet
1408 2158 1449 2220 ab

332 2266 397 2310 uno
420 2251 553 2324 anctore,
578 2246 662 2326 quod
690 2244 739 2309 W.
765 2244 874 2309 Erben
898 2245 917 2308 l.
935 2245 955 2308 l.
980 2266 1016 2325 p.
1035 2250 1098 2308 448
1114 2266 1158 2326 sq.
1184 2247 1259 2310 bene
1276 2244 1447 2326 perepcucit,

333 2333 416 2397 hauc
438 2339 565 2414 partem
595 2332 795 2413 compositam
817 2354 890 2413 9999,
920 2333 1065 2414 quamuis
1086 2331 1124 2398 in
1147 2333 1249 2399 codice
1272 2333 1485 2399 Matseeneiro

333 2428 472 2486 extrema
501 2421 570 2486 9009
597 2421 764 2502 particula
798 2421 886 2486 desit.
938 2423 1034 2504 Quem
1062 2422 1162 2503 panio
1190 2429 1263 2504 post
1294 2445 1324 2487 a.
1353 2428 1446 2487 1335.

335 2667 361 2734 l)
383 2665 430 2720 SS.
443 2665 550 2730 XXIV,
567 2683 596 2733 p.
610 2667 645 2720 00
656 2682 694 2732 eq.
713 2665 797 2720 000109.
887 2667 915 2731 2)
936 2665 968 2717 Ut
987 2665 1026 2720 W.
1046 2665 1203 2721 10909911,
1223 2683 1253 2734 p.
1266 2669 1327 2722 447.
1345 2669 1447 2721 uotum

333 2739 360 2804 3)
386 2735 425 2791 W,
444 2735 535 2787 Erben
553 2737 570 2790 l.
584 2737 600 2790 l.
618 2755 645 2805 p.
658 2739 719 2792 419.
745 2739 775 2787 tn
799 2737 879 2788 dubio
897 2738 1015 2803 reliquit,
1040 2737 1151 2788 ubinam
1175 2738 1238 2789 19999
1260 2754 1331 2805 pare
1348 2741 1448 2805 compta

332 2810 376 2872 eit,
394 2825 440 2860 nec
456 2823 521 2859 eone
538 2807 617 2874 09909,
637 2823 689 2874 quo
707 2816 801 2860 auctor
819 2811 876 2859 etur
893 2810 999 2872 uenit,
1018 2809 1150 2874 indapnrr'
1169 2815 1261 2875 potest,
1280 2810 1326 2862 red
1342 2814 1449 2876 praeter

330 2885 404 2945 paeto
421 2895 515 2945 ripum
533 2886 556 2932 et
571 2879 726 2947 pontificum
737 2884 831 2931 909099
846 2881 962 2930 mactum
973 2879 1114 2931 Bchnuica
1125 2883 1249 2931 99999901
1267 2886 1290 2931 et
1302 2879 1449 2932 Iohannem
1458 2891 1486 2930 ro

331 2967 435 3074 00009
446 2949 1096 3087 rtotmmocouuouttm
1114 2957 1447 3075 ffimtttffi‘tdfd

338 3093 410 3145 Unde
437 3093 506 3144 199999
528 3099 635 3161 partem
662 3109 680 3144 9
704 3093 819 3159 quodam
846 3091 939 3143 clem'eo
971 3091 1109 3144 Teutonico
1138 3095 1168 3144 tn
1196 3092 1325 3144 Bohemta
1352 3095 1447 3145 9199919

331 3165 499 3231 compositam
524 3179 576 3216 9999
601 3163 670 3214 mena·
688 3178 849 3231 pneuaenm
873 3163 962 3218 habeo.
1045 3163 1075 3230 4)
1099 3163 1135 3214 In
1159 3163 1214 3218 cod.
1234 3165 1306 3219 1312
1327 3165 1447 3230 coquitur

331 3235 542 3287 additamentum
560 3237 677 3289 a.1421.
768 3235 795 3300 5)
821 3233 859 3287 W.
879 3234 969 3285 1090999
987 3233 1003 3291 Ι,
1018 3235 1035 3287 l.
1053 3252 1080 3301 p.
1093 3236 1154 3289 449.
1176 3235 1245 3286 hanc
1259 3242 1365 3302 parum
1384 3234 1484 3286 olimso

330 3321 385 3357 non
404 3306 530 3359 09990999
547 3306 674 3370 Minoris,
691 3306 736 3358 eod
753 3305 865 3357 Fleuum
883 3310 1031 3372 temporum
1048 3307 1270 3358 continuationem
1287 3306 1372 3370 furere
1389 3321 1447 3357 999-

330 3378 393 3430 900,
429 3377 481 3428 Sed
497 3377 625 3444 quomodo
642 3377 690 3428 1999
706 3378 792 3428 statut
803 3377 899 3444 poerit,
916 3391 971 3428 non
989 3375 1069 3442 video,
1089 3392 1149 3428 eum
1167 3378 1195 3427 tn
1215 3377 1340 3430 09990999
1358 3377 1446 3428 Mino-

330 3449 380 3511 909,
406 3463 460 3498 non
484 3449 597 3500 Florum
622 3453 768 3514 temporum
792 3447 875 3500 990099
899 3447 962 3499 hacc
986 3449 1148 3499 inventatur.
1188 3448 1221 3499 Et
1245 3455 1338 3500 auctor
1362 3448 1397 3498 90
1417 3463 1446 3498 99

331 3525 453 3584 tempore,
473 3535 524 3586 quo
538 3519 752 3571 (hnttnuotc'onie
763 3517 809 3572 VI.
824 3535 896 3584 pare
907 3517 946 3572 11.
965 3517 1050 3584 (199011,
1070 3519 1100 3570 id
1112 3525 1148 3570 eet
1166 3519 1200 3570 ab
1218 3519 1290 3571 obitu
1301 3517 1409 3583 liudolfi
1420 3518 1444 3571 Ι.

330 3593 410 3658 repis,
430 3591 569 3642 rmrrandt
585 3591 725 3642 99990000
743 3590 813 3656 fecit,
832 3605 861 3642 99
876 3589 953 3641 modo
969 3597 1043 3656 perta
1060 3606 1153 3656 999099
1167 3595 1229 3657 poet
1241 3590 1342 3657 9109991
1358 3591 1480 3658 pout-u

330 3661 409 3724 ficum
426 3667 572 3728 respectae
590 3663 717 3727 09999999,
742 3661 872 3727 quomodo
895 3663 925 3711 in
952 3660 1066 3712 Orontea
1084 3661 1190 3713 Minore
1210 3661 1257 3712 1999
1275 3663 1376 3726 factum
1393 3676 1445 3713 9999

330 3732 402 3786 otdtt.
428 3734 468 3784 Ac
479 3737 579 3784 constat
591 3733 673 3784 199009
681 3735 772 3799 pauo
784 3738 917 3783 auctorem
930 3731 1024 3783 Florae
1036 3737 1182 3799 temporum
1194 3734 1303 3784 minime
1313 3732 1443 3796 1991900999,

329 3819 393 3869 quoe
412 3803 498 3867 1999999
515 3805 637 3867 9919909991,
657 3805 731 3870 quoti
748 3803 829 3854 199009
847 3804 965 3855 nominis
982 3803 1086 3866 fecerint
1101 3803 1237 3870 pontifice-e
1256 3803 1382 3854 Nicotaus
1394 3802 1413 3854 I
1416 3803 1444 3866 V,

331 3874 493 3926 0991990909
512 3874 542 3938 V,
568 3874 723 3926 Benedictus
741 3873 792 3938 XI,
817 3889 876 3924 eum
899 3874 1007 3925 numeri
1031 3875 1165 3926 ordinatae
1185 3890 1326 3940 paparum
1351 3877 1381 3926 in
1402 3874 1444 3925 1909

329 3944 453 3996 adnotati
468 3949 529 3998 9091.
567 3945 618 3996 Sed
641 3952 734 3998 auctor·
752 3960 794 3997 999
812 3946 953 4010 renuam,
981 3945 1048 3998 19999
1073 3961 1168 3998 vacuae
1185 3948 1222 3998 009
1239 3947 1386 4000 intercute
1403 3958 1480 3998 99-10

330 4014 457 4081 linquent,
482 4033 541 4068 cum
566 4019 595 4067 r'n
615 4016 728 4069 Orontea
747 4016 852 4068 Minore
876 4018 985 4068 numni
1007 4017 1143 4068 ordinales
1159 4017 1313 4083 pontificum
1331 4032 1385 4068 non
1403 4018 1443 4067 in·

329 4087 478 4141 vertantur.
509 4087 547 4138 Et
559 4087 654 4140 Florae
671 4094 818 4154 temporum
836 4089 995 4139 continuone
1011 4089 1128 4153 scriptor
1145 4090 1272 4153 ipnorme
1289 4104 1342 4141 uon
1358 4089 1443 4156 potuit

329 4156 461 4221 Adoit'um
476 4159 531 4210 iam
547 4158 605 4222 fere
622 4164 736 4226 tempore
751 4157 860 4209 Nicolor'
870 4157 890 4208 Ι
892 4159 919 4212 V.
934 4174 1022 4226 papae
1039 4175 1170 4224 repriorere.
1198 4159 1250 4211 Sed
1267 4160 1310 4212 hic
1325 4161 1444 4226 praviter

329 4227 378 4280 0999
405 4231 434 4280 r'n
460 4247 490 4282 99
514 4232 622 4284 movit.
663 4231 784 4296 scriptor
808 4229 904 4280 codic-te
928 4229 1085 4281 Mateeenete
1109 4231 1204 4283 Floree
1229 4237 1374 4298 ternpmmm
1400 4246 1443 4282 99-

328 4301 444 4365 900990,
471 4307 564 4352 endor
587 4301 669 4353 190009
691 4303 782 4367 partie
800 4316 841 4352 999
858 4316 997 4366 nunqnam
1015 4302 1089 4356 cedit.
1161 4301 1189 4370 6)
1209 4301 1331 4370 Scriptor
1349 4303 1477 4354 9991090999

328 4370 484 4493 1019090009
508 4387 595 4424 990999
619 4388 743 4425 numeror
766 4373 849 4424 109109
868 4373 961 4438 partio
981 4387 1054 4424 more
1078 4388 1126 4424 cuo
1150 4375 1254 4434 omieit;
1278 4373 1336 4424 eide
1353 4371 1442 4424 119099

340 4443 378 4496 ,1.
394 4460 423 4510 p.
436 4445 498 4505 453,
517 4458 543 4496 n.
558 4445 581 4497 1.
