3208 5006
403 511 522 567 LIBER
547 511 798 569 ORONIOORUM
816 513 1085 572 ERFORDENSIS.
1256 521 1309 575 725

187 716 255 760 rem
278 695 457 775 Brfordiac
486 695 658 779 scripsisse,
690 717 760 763 aum
785 697 879 778 iufra
900 696 1073 762 uiderimus
1095 719 1166 763 acm
1187 701 1308 765 eosdem

190 787 267 849 duos
289 783 387 850 libros
409 784 537 850 Montis
561 785 594 851 S.
615 785 706 851 Petri
728 785 941 866 Driordensis
964 785 1155 868 adhibuisse,
1180 808 1257 869 quos
1279 795 1309 852 et

190 880 298 938 auctor
325 872 480 939 (ironicae
502 873 647 940 Minoris
677 874 845 957 assumpsit
853 875 874 956 1,
901 881 931 939 et
952 874 1009 940 boc
1031 877 1241 956 confirmatur
1262 898 1305 958 eo,

189 962 272 1042 quod
299 961 393 1042 infra
421 962 595 1028 uidebimus
620 983 676 1028 seu
698 963 852 1028 librorum
880 985 980 1030 manu
1002 963 1190 1046 scriptorium
1212 965 1309 1031 buius

162 1051 300 1132 soporis,
325 1072 401 1132 quos
423 1052 580 1132 babemus,
604 1057 668 1117 tres
690 1052 869 1133 Erfurdiae
891 1051 1024 1134 scriptos
1047 1055 1142 1119 esse².

299 1137 474 1206 Cuiusdam
496 1139 618 1223 colleaii
639 1141 865 1207 monachorum
894 1142 942 1206 uel
963 1141 1105 1222 fratrum
1126 1141 1308 1208 mendican—

188 1229 267 1293 tium
288 1228 338 1294 uel
352 1228 447 1294 etiam
463 1229 647 1294 clericorum
661 1231 859 1312 reaularium
872 1232 1044 1295 muubrmu
1058 1230 1160 1311 fuisse
1175 1239 1308 1313 apparet

188 1324 353 1398 auctorent,
378 1317 433 1398 qui
455 1317 492 1382 in
515 1318 659 1384 clausula
681 1318 759 1384 libri
782 1320 924 1385 consilio
955 1323 991 1385 eb
1014 1341 1153 1385 assensu
1178 1321 1307 1405 praela·

187 1410 302 1471 borum
332 1427 461 1471 summu
490 1407 574 1472 bunc
603 1428 635 1472 se
664 1407 802 1474 edidisse
824 1407 950 1490 dissuit,
979 1428 1078 1489 neque
1101 1415 1206 1474 lamen
1228 1409 1308 1474 satis

151 1501 279 1576 inputet,
303 1494 393 1560 auius
417 1494 583 1578 reliaionis
612 1496 660 1562 uel
689 1496 814 1562 ordinis
844 1497 954 1577 fuerit.
999 1498 1151 1563 Fratrem
1180 1497 1307 1563 ordinis

188 1582 450 1649 Praedicatorum
478 1605 547 1649 eum
576 1584 677 1665 fuisse
707 1587 834 1667 primus
864 1586 910 1650 K.
934 1586 1146 1652 Hurmanu³
1176 1587 1305 1669 censuit,

188 1672 239 1736 cui
254 1693 360 1737 omnus
382 1672 439 1754 qui
461 1675 498 1738 de
521 1674 578 1739 boc
601 1694 691 1756 opere
713 1675 908 1756 scripserunt
930 1675 1053 1741 assensi
1075 1677 1180 1740 saur.
1217 1677 1308 1758 Quod

187 1768 221 1825 ut
245 1762 404 1842 probaret,
434 1761 540 1827 attulit
567 1763 605 1828 iu
634 1763 807 1829 cunalibus
836 1763 917 1828 libro
945 1764 1094 1828 subnexus
1127 1765 1165 1829 de
1194 1764 1306 1830 ordine

187 1849 451 1916 Praedicatorum
466 1851 602 1931 ficudato
625 1858 655 1916 et
669 1854 864 1934 confirmato,
888 1853 926 1917 de
949 1859 1099 1918 conuentu
1121 1873 1228 1918 aarum
1244 1854 1305 1918 Er-

148 1938 313 2018 wsifardiae
336 1945 510 2004 corsstructo
533 1941 667 2005 relatum
689 1961 763 2022 esse,
787 1943 843 2005 sed
864 1943 972 2006 eadem
993 1941 1110 2006 ibidem
1133 1943 1170 2006 de
1193 1942 1305 2022 fratri·

187 2029 244 2093 bus
266 2027 453 2094 Minoribus
482 2031 636 2094 adnotata
664 2035 745 2110 sunt,
776 2049 875 2111 meque
904 2036 1008 2094 tamen
1031 2036 1188 2095 auctorem
1210 2029 1306 2095 buius

187 2116 313 2181 ordinis
331 2116 468 2197 fratrem
483 2116 606 2197 fuisse⁵
627 2117 698 2183 iure
721 2117 867 2183 censebis.
902 2118 1149 2200 Aliquantulum
1170 2118 1305 2184 maioris

186 2205 333 2270 manenti
367 2212 420 2288 est,
456 2209 540 2288 quod
567 2207 757 2272 Herrmaun
786 2205 892 2272 attulit
925 2208 969 2271 ad
1002 2205 1180 2289 ommonem
1213 2227 1305 2271 mann

180 2296 390 2377 probandam,
414 2294 452 2360 iu
473 2302 614 2360 extrema
637 2301 733 2376 parte
759 2293 836 2361 libri
858 2295 958 2360 multa
981 2297 1018 2360 de
1040 2293 1207 2362 haereticis
1229 2317 1304 2361 nar·

146 2389 260 2448 saraia
283 2403 357 2465 esse,
385 2390 414 2448 et
436 2387 520 2466 quod
542 2384 587 2448 K.
612 2384 729 2450 Weuclr
751 2384 887 2450 ostendit
908 2384 985 2450 bace
1008 2384 1117 2449 munia
1143 2404 1182 2449 eu
1204 2383 1304 2450 libro

186 2473 223 2536 de
257 2474 349 2537 rebus
382 2472 688 2538 memorabilioribus
719 2473 872 2539 Heinrici
901 2475 939 2539 de
967 2472 1154 2539 Hernordia
1186 2473 1304 2553 [ratris

186 2560 312 2625 ordinis
333 2561 597 2627 Praedicatarum
619 2562 778 2645 suscripta
806 2583 879 2645 esse,
907 2562 1045 2628 manime
1074 2583 1143 2628 cum
1166 2563 1243 2629 baec
1265 2585 1305 2628 eu

186 2649 266 2715 libro
290 2649 443 2715 Heinrici
472 2657 616 2733 oncupio
645 2671 711 2716 esse
739 2651 916 2733 iideautm,
947 2658 1117 2733 antequam
1146 2651 1198 2718 bic
1224 2651 1304 2718 liber

185 2739 357 2802 ederetur⁶.
405 2739 515 2821 Neque
544 2747 649 2804 tamen
677 2741 734 2805 boc
763 2746 885 2805 constat
905 2761 970 2822 uec,
994 2741 1024 2805 si
1046 2747 1210 2822 constaret,
1235 2747 1302 2806 tan·

145 2833 250 2894 istum
272 2827 336 2891 cim
359 2827 493 2909 baberet,
517 2834 552 2892 ut
573 2827 649 2892 inde
671 2834 828 2894 auctorem
850 2829 951 2909 fuisse
973 2829 1108 2909 fratrem
1131 2829 1302 2895 Praedica-

184 2921 281 2980 torem
310 2923 392 2981 certo
422 2917 567 2981 concludi
588 2923 703 2999 posset.
749 2917 853 2981 Imma
882 2917 949 2982 iam
975 2917 1149 2999 aliqnando
1171 2917 1302 2982 monui⁷

184 3004 367 3086 neutiquam
381 3004 516 3085 fratrem
531 3005 658 3070 ordinis
673 3004 937 3070 Praedicatorcnn
951 3005 1062 3070 baberi
1077 3026 1172 3087 posse
1186 3005 1299 3087 cirum,

185 3092 239 3173 qui
268 3094 325 3159 sub
357 3115 388 3157 a.
415 3099 510 3157 1247.
540 3093 705 3176 sumpserit
731 3096 769 3158 in
793 3095 848 3159 die
879 3115 904 3158 s.
930 3094 1154 3159 Bonifacii
1177 3115 1240 3176 pro
1263 3097 1300 3160 in

185 3183 240 3247 die
264 3203 289 3247 s.
306 3183 543 3262 Dominici,
567 3189 602 3246 ut
624 3183 716 3248 babet
742 3181 881 3248 mantea
903 3182 1135 3248 Reiubardsbr.
1158 3182 1214 3248 illo
1237 3185 1301 3249 loco

146 3271 350 3353 socessoripta.
385 3272 454 3336 Nec
470 3293 549 3336 saue
570 3271 705 3354 mppetit
726 3271 820 3352 ratio,
844 3273 928 3337 unde
942 3278 1024 3337 certo
1038 3277 1174 3336 statuere
1183 3272 1299 3354 possis,

185 3359 274 3424 cuius
296 3359 423 3425 ordinis
443 3359 544 3440 fuerit
566 3366 684 3442 auctor,
708 3362 764 3426 sed
784 3360 815 3425 si
838 3359 1033 3426 coniecturae
1055 3359 1220 3443 indulsere
1242 3361 1299 3443 nis,

184 3469 205 3510 a
228 3469 299 3513 uero
322 3470 387 3514 uon
409 3447 508 3514 nimis
530 3449 700 3515 abliorrere
722 3449 835 3531 opinor
854 3470 924 3514 eum
946 3447 1031 3514 iuter
1046 3469 1151 3514 seruos
1173 3456 1301 3515 sanctae

184 3536 317 3602 Mariae
340 3537 555 3618 Erfordenses
576 3537 687 3618 fuisse.
734 3537 813 3604 &cm
834 3538 919 3604 enim
942 3539 980 3604 de
1001 3536 1135 3620 reliquis
1157 3538 1302 3604 omnibus

184 3625 350 3692 ordinibus
372 3626 532 3710 reliaiosis
546 3627 725 3707 Eufordiae
747 3627 957 3692 residentibus
979 3626 1016 3691 iu
1037 3626 1211 3692 annalibus
1233 3627 1300 3691 sub-

146 3714 274 3782 aueuis
308 3737 346 3782 ea
379 3716 448 3781 sola
480 3715 622 3781 retulerit
650 3736 730 3798 quae
762 3715 831 3782 iam
860 3715 980 3798 scripta
1012 3713 1144 3798 inuenit,
1176 3715 1303 3780 addidit

184 3825 214 3868 a.
241 3809 337 3869 1310.
363 3803 556 3870 monialibus
579 3805 666 3888 apicd
687 3811 815 3888 portam
840 3804 1079 3888 Krampbentor
1101 3824 1233 3887 comque
1255 3825 1301 3870 rc-

182 3891 357 3958 sidentibus
385 3900 478 3977 atam
506 3893 580 3960 inde
609 3893 812 3976 transpositis
839 3893 961 3974 fratres
983 3892 1160 3959 Marianos
1186 3914 1300 3958 succes·

184 4067 211 4136 1)
230 4065 272 4132 Cf.
290 4083 377 4136 supro
397 4085 426 4136 p.
446 4071 507 4124 487.
526 4070 579 4124 489
591 4085 628 4136 sq.
708 4068 737 4137 2)
757 4067 832 4132 Quod
850 4069 885 4125 K.
904 4068 1007 4136 Wmcle,
1027 4065 1175 4122 ‘Zeitscbrl
1189 4085 1219 4135 p.
1240 4069 1298 4124 197.

182 4137 334 4194 observarit.
424 4140 453 4204 3)
478 4139 549 4194 Bibt.
568 4139 722 4203 &sumina
740 4156 771 4207 p.
790 4141 833 4194 61.
931 4139 960 4210 4)
987 4139 1016 4193 0.
1036 4139 1122 4204 Posse,
1140 4139 1201 4191 ‘Dis
1218 4139 1300 4190 Reiu-

143 4224 173 4262 ιο
182 4208 319 4265 bardum.
334 4209 591 4264 Gascbicbtsbdebcr'
606 4212 696 4276 213,
717 4209 768 4265 Otr.
781 4211 895 4277 Lorerw,
910 4209 975 4274 ¹60.
988 4211 1037 4264 dcr
1047 4211 1165 4263 storius
1175 4209 1300 4262 Sacrum

183 4280 242 4345 I,1,
265 4299 293 4351 p.
314 4283 381 4348 1983
403 4281 440 4334 Κ.
457 4281 561 4347 Wmclr,
582 4281 771 4348 ‘Entdcbuna'
790 4300 819 4350 p.
833 4285 867 4338 52
882 4299 920 4349 sq.
939 4287 962 4335 d
981 4281 1128 4336 ‘Zeitcsbrl
1141 4297 1173 4348 p.
1192 4283 1243 4337 189
1259 4297 1298 4348 sq.

182 4353 210 4418 b)
240 4353 293 4417 Qus
313 4351 433 4404 ordinem
452 4353 671 4406 Pramuatarum
694 4360 755 4405 ants
779 4353 898 4407 ordinem
916 4353 1055 4406 biduanum
1080 4353 1226 4419 fmsdatsrm
1247 4368 1300 4406 csse

181 4422 291 4488 dixerit,
310 4423 381 4491 quad
398 4424 502 4487 fratres
519 4423 638 4477 Minores
654 4429 824 4490 cucumam.
903 4427 930 4492 6)
948 4425 988 4477 Dc
1005 4441 1059 4492 qua
1077 4427 1226 4493 mumdum
1242 4424 1301 4476 oldc

181 4495 261 4558 iufra
282 4510 312 4561 p.
331 4495 384 4549 728
401 4511 439 4562 eq.
513 4494 603 4564 u‘N.
622 4495 737 4548 Arabic'
755 4494 836 4562 XXI,
856 4513 887 4564 p.
905 4497 967 4562 268,
993 4513 1019 4551 n.
1038 4500 1063 4552 3.
