3160 4992
571 491 738 548 ORONIOA
755 491 890 549 MINOR.
1236 493 1288 549 589

174 677 276 741 cium.
330 674 423 740 Hicl
456 675 577 740 beatus
612 674 798 802 Gregorius
832 668 945 760 papab
980 695 1057 740 cum
1092 675 1284 739 ordinavit⁰

175 765 300 840 officia,
325 763 458 840 officiis,
483 769 524 828 ut
546 764 685 830 ridetur
712 816 718 840 ‚
742 764 963 829 concordavit
985 764 1095 828 facta:
1127 761 1289 828 videlicet

174 855 212 917 in
242 854 500 937 purificatioue⁰
528 854 778 937 processionem
808 874 886 917 cum
917 852 1078 930 candelis,
1109 853 1145 915 iu
1175 852 1289 935 capite

174 942 296 1007 ieiunii
319 963 395 1006 cum
419 942 535 1006 officio
558 941 749 1026 penitentie
765 941 994 1025 aspersionem
1010 940 1143 1016 cineris,
1167 941 1204 1003 in
1220 940 1289 1024 pal·

150 1031 240 1096 emis
281 1024 380 1095 cumr
411 1031 526 1094 officio
561 1031 811 1114 processionem
846 1051 923 1094 cum
961 1029 1098 1114 palmis,
1134 1029 1170 1092 in
1205 1048 1289 1093 cens

176 1119 316 1183 Domini
340 1111 439 1184 cumf
454 1119 570 1184 officio
592 1118 758 1184 lotionem
777 1119 903 1202 pedum
923 1121 980 1182 etss
999 1117 1289 1182 consecrationem

176 1210 475 1278 sacramentorum.
492 1208 528 1270 in
544 1228 727 1292 parasceue
739 1199 960 1287 <officium¹¹>
974 1208 1015 1272 de
1028 1210 1137 1272 morte
1149 1205 1289 1270 Domini

176 1318 254 1361 cum
278 1298 404 1381 pedum
420 1295 579 1362 nuditate
603 1300 637 1361 ct
654 1297 764 1361 crucis
783 1295 993 1371 adoratione,
1013 1296 1050 1359 in
1067 1297 1195 1380 pascha
1211 1314 1288 1359 cum

176 1383 292 1450 officio
316 1386 358 1450 de
381 1377 487 1469 sgno¹
507 1405 587 1450 vero
610 1406 705 1450 esum
727 1385 800 1450 veri
823 1385 914 1468 agni.
961 1383 1150 1449 Constituit
1174 1384 1287 1458 etiam,

137 1477 216 1540 rout
245 1473 370 1539 mulier
399 1477 477 1557 post
511 1477 657 1558 partum,
689 1474 826 1557 quando
854 1473 1011 1550 voluerit,
1047 1472 1290 1538 reconcilietur

177 1562 329 1628 ecclesie.
376 1573 446 1628 Hic
473 1572 622 1644 Gregorius
648 1591 740 1685 papa
765 1572 949 1644 Augustinok
977 1573 1131 1644 Anglorum
1162 1573 1457 1643 episcopocrumrpo.

177 1645 323 1699 scribit:
347 1645 395 1698 Ee
416 1647 532 1713 singulis
555 1646 699 1713 quibusque
741 1646 851 1699 aschalis
874 1661 924 1714 que
946 1647 1002 1712 pio,
1021 1661 1070 1713 gas
1087 1646 1224 1712 religiosa,
1241 1661 1291 1712 osse

177 1724 247 1770 recta
274 1723 336 1770 aaut
360 1717 424 1784 elige
449 1717 534 1770 etheo
558 1719 639 1785 quasi
655 1719 713 1769 inm
731 1717 886 1783 fasciculum
905 1717 1008 1769 musca
1025 1723 1121 1784 uptam
1140 1717 1290 1784 Astylon-um

177 1812 292 1858 nunusss
308 1808 338 1858 in
355 1807 566 1859 conmdudr'nem
583 1806 710 1874 deportem
743 1791 785 1855 D.
798 1791 889 1855 XII:
915 1789 1075 1855 Noviil'·¹.
1111 1798 1170 1856 Hic
1185 1799 1290 1872 Augu·

141 1907 167 1947 15
178 1889 280 1945 stinus
297 1886 480 1946 ordinatustl
500 1888 533 1944 in
548 1881 838 1962 archiepiscopumr
858 1903 877 1943 a
895 1889 1005 1944 sancto
1021 1885 1168 1961 Gregorio
1184 1885 1284 1961 papa¹

178 1981 210 2034 et
242 1977 357 2034 missus
392 1977 432 2034 ab
466 1993 502 2034 eo
537 1977 691 2033 convertit
727 1966 873 2050 gentemt
908 1975 1082 2049 Anglorum
1120 1975 1161 2031 ad
1195 1974 1290 2032 fidem

178 2063 303 2122 Christi.
349 2063 429 2122 Hic¹¹
456 2063 665 2139 predicatores
688 2063 809 2139 primov
835 2064 868 2119 in
891 2063 1038 2137 Angliam
1062 2063 1148 2119 misit
1157 2057 1178 2120 ².
1222 2067 1291 2122 Hic

178 2159 327 2228 Gregorius
338 2169 433 2228 papaw
447 2158 607 2212 coustituit
623 2157 752 2212 letaniam
763 2157 895 2212 maiorem
907 2145 944 2208 ln
961 2145 1015 2209 die
1031 2145 1143 2209 suncti
1157 2145 1286 2209 Marci¹
1300 2121 1401 2223 ima

178 2234 331 2299 propter
354 2233 472 2299 pestem
496 2229 748 2312 inguinariam.
784 2226 854 2282 Hic
879 2245 913 2282 ex
937 2231 1047 2297 pretore
1071 2228 1175 2281 urbano
1197 2244 1354 2288 moue-sss.

142 2299 471 2356 sochusRomsyfloruit
489 2304 524 2354 et
541 2299 625 2354 rude
644 2304 869 2369 assumptus¹
886 2303 940 2353 est
957 2299 991 2351 in
1009 2315 1144 2368 papam.
1175 2297 1290 2352 Huius

180 2371 353 2441 Gregorii
380 2375 543 2442 tempore
570 2371 664 2426 tunica
680 2370 792 2426 Domini
818 2369 1078 2425 inconsutilis⁸
1102 2374 1190 2438 aput
1213 2369 1290 2423 Ieru-

179 2460 263 2514 salem
281 2458 425 2529 repsritur,
448 2448 508 2513 sed
531 2448 638 2513 Rome
661 2444 850 2513 servatum*

285 2529 480 2585 Sciendum
499 2531 637 2601 itaque,
656 2531 749 2599 quod
767 2530 834 2584 olim
847 2529 989 2584 divinum·
1005 2529 1460 2598 officiuminecclcsiarrmrrar.

216 2601 321 2671 ebatur,
348 2606 431 2670 prout
457 2600 574 2670 cuiqueb
596 2603 700 2656 bonum
729 2601 881 2658 videbatur.
927 2601 1029 2656 Unde
1059 2602 1130 2655 bone
1160 2601 1291 2655 memorie

143 2686 170 2727 se
224 2671 349 2726 eodosius
378 2673 528 2742 imperator
558 2673 757 2728 concilium
786 2677 891 2741 sputo
921 2670 1198 2741 Constantinopolim
1228 2689 1291 2726 con·

179 2742 336 2813 gregavitd,
354 2760 448 2798 omnes
465 2743 572 2798 hereses
591 2743 770 2813 dampnavite
788 2747 822 2797 et
839 2742 960 2797 divinum
980 2742 1102 2797 officium
1119 2741 1289 2811 postularitr

180 2832 197 2866 u
222 2813 382 2870 concilio
407 2813 536 2874 ordinari,
573 2813 654 2884 Quod
678 2815 819 2883 negotium
844 2818 951 2867 tuucss
972 2813 1103 2867 Damasus
1127 2831 1199 2882 pape
1216 2813 1291 2868 Iero-

293 3043 320 3112 *)
341 3043 386 3099 02
404 3045 483 3099 add:
501 3042 584 3097 Auno
602 3042 713 3096 Domini
731 3041 843 3098 DXOV.
880 3041 948 3097 Hic
965 3058 1058 3111 papa
1075 3042 1203 3096 beatus
1222 3041 1354 3096 ere-ra.

338 3114 430 3184 gorius
442 3113 575 3183 synodum
587 3113 776 3182 episcoporum
785 3129 952 3184 congregans
962 3119 1028 3182 sput
1037 3111 1168 3167 Sanctum
1178 3111 1291 3166 Petrum

144 3195 171 3236 eo
339 3185 373 3239 ds
390 3185 546 3240 necessariis
564 3185 677 3240 ecclesie
695 3183 856 3240 decrevit.

180 3400 202 3446 a)
223 3404 247 3439 et
260 3398 357 3440 11ch1.
430 3397 453 3450 b)
475 3395 1105 3448 om.13‚·Immundumsicanorum.
1174 3397 1195 3450 c)
1215 3396 1292 3436 divina

181 3451 231 3494 add.
245 3452 272 3494 D.
328 3453 351 3502 d)
364 3457 390 3493 ut
404 3448 448 3494 vid.
462 3463 503 3495 cm.
516 3451 542 3494 B.
556 3451 589 3500 D‚·
603 3457 628 3491 ut
640 3449 686 3494 vid.
701 3451 798 3495 omi.
847 3453 958 3498 slssncsc
972 3451 1165 3494 marisiacum.
1210 3451 1292 3499 ocum

180 3505 216 3546 oli.
231 3515 272 3548 om.
285 3505 330 3548 Bt.
344 3505 371 3546 D.
425 3503 448 3556 g)
461 3509 523 3545 et-
537 3503 640 3545 nuditate
654 3516 696 3545 om.
709 3505 757 3549 ΒΞ.
770 3505 801 3546 2⁸.
864 3505 887 3553 h)
901 3505 924 3542 in
937 3505 983 3546 Ar.
997 3503 1010 3542 t
1023 3505 1082 3546 solis.
1137 3505 1153 3555 l)
1166 3514 1221 3544 vero
1234 3515 1291 3554 agno

181 3558 206 3600 Β,
219 3559 246 3602 D.
301 3558 380 3607 liner.
394 3557 451 3609 Aug.
466 3558 532 3608 Angl.
546 3568 582 3608 sp.
596 3559 623 3600 D.
683 3557 699 3608 l)
714 3569 755 3601 om.
769 3558 796 3600 D.
856 3559 887 3606 ru)
901 3557 1046 3601 ΜΒΝ.
1060 3558 1079 3600 3.
1133 3559 1198 3604 ulus.
1213 3557 1236 3597 ln
1251 3567 1291 3599 um.

146 3611 225 3653 aer.
239 3611 271 3652 2¹.
285 3611 304 3653 t.
370 3609 392 3660 ο)
406 3621 463 3661 poue
477 3612 504 3653 D.
571 3611 595 3662 p)
609 3612 635 3654 D.
650 3611 701 3652 xn.
716 3612 743 3654 N.
757 3611 897 3653 ΝΛΜ-8.
964 3614 987 3660 q)
1005 3611 1089 3651 electus
1102 3611 1129 3654 B.
1142 3611 1169 3653 D.
1236 3612 1256 3658 r)
1269 3617 1293 3650 et

180 3661 294 3704 ordinatus
315 3665 366 3706 add.
379 3665 406 3707 B.
420 3664 446 3706 D.
513 3667 533 3712 s)
553 3664 655 3708 omit.
670 3665 798 3716 saecu
817 3676 839 3715 p.
859 3665 897 3706 Gr.
915 3663 1088 3707 B1.1·.o.o·.
1156 3666 1173 3712 t)
1194 3663 1258 3712 Argi
1271 3674 1292 3714 g.

179 3717 290 3760 imai.
305 3718 339 3756 01
350 3717 452 3768 mentes).
465 3717 525 3759 Dlt.
565 3721 588 3766 u)
602 3718 723 3768 Gregorius
738 3729 797 3768 papa
811 3719 861 3760 add.
870 3717 916 3760 Bt.
923 3719 949 3756 t·
957 3717 987 3769 (p.
998 3717 1051 3768 er).
1060 3718 1085 3769 t;
1100 3717 1203 3758 Preietos
1216 3721 1292 3757 autem

180 3771 317 3820 Augustinus
332 3771 465 3821 papapred.
479 3771 519 3810 Δ]
530 3771 662 3820 postloeum
672 3771 755 3822 pose,
770 3783 814 3815 rao
828 3771 952 3814 indicatum.
1002 3771 1025 3819 v)
1039 3771 1132 3813 mel.
1180 3770 1210 3820 w)
1224 3769 1292 3820 Grsg.

179 3829 253 3864 autem
268 3835 290 3873 p.
303 3830 372 3866 coust.
386 3827 435 3874 A13
456 3824 496 3866 (ir.
510 3836 531 3874 p.
544 3835 585 3867 om.
600 3824 645 3866 Bt.
660 3825 692 3867 2⁸.
705 3825 729 3875 ὃς
751 3835 810 3874 papa
832 3837 872 3866 om.
886 3825 944 3867 31⁸.
957 3825 989 3867 tt.
1003 3823 1065 3866 le.
1145 3826 1168 3871 x)
1190 3833 1291 3874 ewange-

144 3877 230 3916 tollite
245 3878 295 3918 add.
308 3877 336 3919 D.
377 3877 401 3928 y)
416 3889 456 3918 om.
470 3877 496 3920 B.
510 3877 537 3920 D.
552 3899 577 3907 -
591 3878 672 3918 claruit
685 3879 728 3921 01.
775 3880 795 3928 s)
810 3878 892 3918 electus
906 3877 932 3918 B.
947 3877 974 3920 D.
1014 3876 1291 3928 aloff.div.A1.2.ct.

180 3929 203 3980 t)
223 3931 427 3979 unicornuum.
442 3930 470 3970 D.
538 3933 560 3978 c)
579 3930 725 3974 om.132.2·.
740 3931 767 3972 D.
835 3931 858 3981 d)
878 3935 901 3970 et
915 3931 965 3974 add.
979 3931 1007 3974 D.
1080 3931 1102 3982 s)
1122 3928 1293 3979 condempnavit

179 3983 226 4026 ΒΞ.
241 3983 272 4025 21.
285 3983 306 4024 8.
360 3985 549 4033 oscenapost.
562 3984 591 4028 D.
643 3983 666 4035 g)
681 3985 814 4028 omitt.
828 3985 860 4026 5¹.
874 3984 901 4026 D.

182 4181 207 4242 ll
237 4181 313 4234 Grai.
340 4181 416 4235 Decr.
441 4179 464 4246 I,
491 4180 552 4235 diat.
573 4182 614 4246 12,
646 4195 666 4234 c.
687 4182 729 4235 10.
824 4181 852 4248 2)
880 4181 920 4232 Dc
944 4181 1032 4233 sudem
1057 4195 1087 4233 re
1112 4180 1151 4232 bis
1175 4181 1289 4246 scripsit.

180 4250 252 4303 Haec
270 4251 451 4316 wlgats'w'ma
470 4251 540 4302 unde
557 4251 657 4316 (Bodas
675 4251 746 4305 Hs'st.
764 4251 828 4314 ecci,
848 4251 978 4304 Iohannis
997 4252 1059 4302 Vita
1079 4251 1166 4318 Greg„
1186 4251 1289 4305 Elekelr.

145 4337 205 4376 rra.
222 4323 282 4377 596.
301 4324 367 4386 603)
384 4324 534 4389 sumpsere,
551 4337 605 4375 son
618 4327 700 4389 patet.
772 4323 800 4392 3)
820 4321 898 4375 Hanc
916 4339 934 4373 a
953 4323 1124 4376 Geraestico
1142 4323 1244 4388 Magno
1261 4323 1291 4372 in

179 4392 289 4446 basilica
308 4393 486 4446 lateranensi
500 4395 615 4460 positom
634 4409 686 4446 ease
704 4409 789 4460 supra
805 4411 833 4462 p.
847 4395 906 4449 564.
926 4396 1034 4463 scripsit
1052 4393 1095 4445 tic
1106 4399 1199 4446 sudor
1211 4395 1292 4446 ara·

178 4479 270 4518 erutus.
