3214 4990
559 491 726 549 OBONIOA
744 493 878 552 MINOR.
1223 503 1277 558 515

157 676 356 742 adulteratus
386 675 462 740 est1.
513 674 576 758 Qui
603 697 673 742 cum
701 675 793 741 illum
822 676 938 743 librum
960 677 1152 762 describeret,
1175 682 1276 750 multa

157 766 262 847 rerba,
292 769 328 830 ut
360 763 476 845 stilum,
508 770 545 828 ut
573 763 636 830 sibi
663 763 837 846 videbatur,
868 766 1026 850 expoliret,
1060 769 1194 836 mutauit
1226 772 1275 837 rel

158 851 362 937 transposuit,
392 853 550 918 nonnulla
576 853 721 935 correxit,
745 853 900 937 plurima,
931 875 1012 938 quae
1033 856 1101 939 ipse
1122 859 1204 924 mate
1226 859 1274 926 in·

158 941 283 1023 tellenit,
300 941 493 1024 depravavit,
507 941 707 1023 paucissima
721 949 751 1007 et
764 943 842 1009 baec
856 942 893 1008 in
909 950 1047 1010 extrema
1054 953 1151 1028 parte
1166 949 1272 1014 omnia

133 1032 203 1096 sad
231 1029 374 1096 ordinem
402 1029 667 1096 Praedicatorum
701 1031 876 1113 spectantia
909 1033 1043 1115 addidit,
1076 1034 1161 1100 inter
1192 1057 1273 1118 quae

156 1119 321 1185 adnotabit
349 1141 380 1184 a.
402 1125 498 1184 1235.
528 1119 649 1198 fratres
671 1118 912 1186 Praedicatores
941 1121 1042 1188 locum
1069 1123 1273 1191 Constarstiae

155 1207 315 1291 recepisse,
340 1209 424 1274 unde
447 1229 516 1273 eum
538 1207 576 1273 in
598 1207 658 1274 isac
680 1207 807 1274 civitate
828 1207 993 1292 scripsisse
1008 1219 1147 1294 apparet.
1185 1214 1272 1296 Qrsae

153 1303 266 1363 arrctor
287 1296 526 1379 Espbordensis
548 1295 586 1362 in
608 1297 733 1362 laudem
755 1297 929 1364 Francisoi
950 1305 1043 1381 atque
1065 1300 1190 1366 ordinis
1205 1302 1271 1367 Mi-

155 1405 270 1451 norum
291 1385 470 1468 scripserat,
493 1384 552 1451 iste
575 1387 613 1452 de
635 1384 806 1452 Dominiso
828 1386 1000 1466 fundatore
1022 1388 1074 1454 sui
1096 1389 1221 1457 ordinis
1242 1397 1271 1457 et

119 1475 193 1540 sodo
221 1473 380 1553 fratribus
402 1473 691 1556 Praedicatoribus,
715 1480 898 1557 pervertens
926 1475 1015 1541 dlius
1043 1479 1148 1555 umba,
1178 1478 1268 1544 dimit.

159 1563 321 1645 Quaedam
344 1565 382 1630 de
402 1562 562 1644 fratribus
577 1561 765 1628 Minoribus
787 1569 817 1628 et
838 1585 918 1646 quae
940 1567 978 1630 de
993 1565 1162 1632 Dominico
1185 1567 1270 1634 dioto

154 1651 217 1718 sibi
246 1672 312 1718 nou
335 1653 504 1734 placebant
532 1650 646 1733 mulsit,
675 1651 808 1734 denique
836 1652 1102 1720 continuationem
1128 1656 1270 1723 brerissi·

153 1761 239 1805 mam
270 1736 378 1819 (Oont.
403 1741 468 1806 IV.
497 1741 683 1824 partemI)
714 1739 852 1822 addidit,
885 1762 949 1822 qua
977 1744 1016 1808 de
1044 1743 1142 1808 solius
1171 1744 1268 1811 Inna

154 1828 250 1895 centii
280 1829 316 1894 V.
334 1849 450 1912 papae,
473 1827 591 1908 fratris
613 1828 737 1896 ordinis
759 1829 1030 1914 Praedicatorum,
1060 1833 1153 1898 rebus
1173 1834 1269 1915 pestis

118 1916 225 2000 oepit.
278 1918 368 1984 Unde
391 1924 479 2000 pauc
508 1939 578 1984 eum
606 1940 638 1983 a.
661 1923 755 1982 1276.
785 1938 891 1984 mense
912 1919 1009 2001 Inlio,
1033 1925 1201 2002 numquam
1230 1924 1268 1988 de

153 2005 303 2072 Adriano
326 2007 363 2072 V.
387 2027 479 2089 popa
507 2009 612 2072 eodem
640 2027 727 2072 anna
756 2007 822 2072 Iul.
849 2013 898 2071 11.
929 2007 1020 2074 electo
1049 2007 1267 2076 Constantiam

152 2095 286 2160 nuntius
314 2095 499 2177 aduenisset,
528 2096 606 2162 boec
627 2094 790 2177 scripsisse
799 2097 820 2160 ².
866 2094 976 2162 Huius
998 2095 1075 2162 libri
1095 2097 1268 2180 exemplari

152 2182 190 2249 in
212 2190 394 2250 conuentum
414 2184 556 2263 fratrum
570 2183 833 2250 Praedicatorum
853 2184 1075 2251 Rotwilensem
1096 2186 1198 2252 delato
1219 2188 1267 2252 rel

152 2270 199 2338 ibi
221 2272 336 2354 scripto
359 2273 440 2339 alter
460 2273 566 2353 frater
584 2271 708 2338 ordinis
723 2272 986 2339 Praedicatorrun
1007 2273 1123 2340 ibidem
1139 2274 1266 2357 paucis-

113 2359 235 2428 sosima
257 2362 295 2426 de
316 2360 513 2443 sequentibus
528 2361 736 2444 pontificibus
757 2381 854 2444 usque
877 2363 921 2428 ad
942 2385 973 2428 a.
992 2368 1087 2427 1281.
1110 2363 1263 2446 addidit³,

150 2455 218 2514 tum
240 2449 309 2516 alia
331 2452 369 2516 de
390 2449 554 2532 mapistris
573 2450 774 2533 pennalibus
796 2457 825 2515 et
845 2449 928 2516 ciris
949 2451 1126 2532 illustribus
1140 2451 1265 2519 ordinis

152 2537 414 2604 Praedicatorum
435 2537 500 2604 sioe
515 2540 554 2604 ob
569 2540 674 2604 eodem
696 2539 761 2604 sire
783 2541 824 2604 ab
847 2539 912 2606 olio
926 2540 1031 2620 fratre
1053 2541 1164 2606 addita
1178 2548 1262 2608 sunt.

149 2626 205 2691 En
227 2626 283 2692 boc
305 2626 478 2708 exemplari
493 2627 681 2693 Rotuilensi
703 2648 809 2694 omnes
831 2649 907 2710 qnos
929 2629 1078 2695 babernus
1100 2629 1195 2696 buius
1216 2651 1263 2697 re

148 2715 307 2780 censionis
330 2713 396 2798 (D)
425 2715 543 2782 codiess
565 2716 704 2798 profecti
733 2722 815 2798 sunt,
839 2738 878 2782 ao
900 2717 1026 2799 onmem
1048 2717 1177 2800 priores
1198 2725 1262 2785 tres

108 2798 357 2888 2⁶(D‚,1.1²·¹¹)
381 2806 426 2870 ad
446 2804 528 2870 idem
544 2805 749 2889 apoproplsou
766 2807 947 2871 mendosum
968 2806 1043 2872 libri
1058 2807 1262 2874 Rotroileusis

147 2894 286 2973 redeunt,
309 2892 345 2958 D
361 2887 438 2958 1²³³
458 2913 496 2958 eu
518 2893 613 2960 buius
634 2894 811 2976 apopraplsi
826 2894 999 2976 exemplari
1012 2895 1162 2978 descripti
1175 2902 1260 2962 sunt.

254 2982 289 3047 D
310 2977 339 3067 1)
378 2979 483 3048 Codes
512 2981 779 3048 Monacensis
813 2981 1012 3048 bibliothecae
1045 2983 1152 3065 rspice
1185 2985 1259 3050 Lat.

146 3089 199 3134 nr.
224 3075 320 3151 5541,
355 3071 431 3136 olim
463 3070 649 3136 monasterii
677 3070 861 3136 Diessensis
893 3091 944 3136 nr.
969 3076 1021 3152 41,
1055 3074 1183 3137 membr.
1207 3073 1259 3152 8⁰,

147 3157 172 3237 f.
200 3164 321 3225 1-45.
356 3157 526 3226 Granicum
556 3157 720 3224 Minorem
753 3181 823 3224 cum
855 3158 1153 3225 Continuationibus
1182 3160 1258 3226 III.

106 3254 177 3320 soet
198 3247 264 3313 IV.
288 3269 368 3314 saec.
394 3249 505 3314 XIII.
528 3269 586 3330 em,
616 3247 753 3314 intera.
779 3253 874 3313 1281.
898 3254 927 3312 et
952 3253 1046 3328 1283,
1069 3255 1105 3313 ut
1125 3249 1258 3331 ridetur,

146 3335 294 3402 Iohanne
308 3337 489 3403 Lornbardo
510 3335 661 3420 mapistro
682 3335 825 3420 pennati
840 3335 982 3402 ordinem
997 3337 1260 3403 Praedicatorum

145 3427 299 3507 repente4,
323 3431 468 3492 accurate
491 3431 520 3490 et
542 3428 617 3492 bene
638 3425 790 3508 scriptam
807 3425 972 3507 coutinet⁶,
995 3425 1085 3506 foliis
1106 3425 1145 3491 iu
1167 3425 1260 3491 binas

146 3515 307 3580 eolrmmas
322 3513 444 3580 divisis.
482 3511 581 3580 Cuius
596 3513 710 3596 scriba,
734 3513 785 3580 cir
800 3515 915 3597 doctus,
938 3535 1004 3580 non
1020 3535 1130 3598 pauca
1143 3517 1259 3580 mendo

146 3760 173 3828 1)
202 3760 255 3824 θαι·
280 3761 310 3812 in
332 3760 445 3828 prologo
468 3762 576 3829 sempsit
600 3760 669 3812 nanc
694 3759 836 3812 cronicam
859 3775 944 3828 usque
968 3757 1003 3812 sd
1028 3775 1130 3812 annum
1147 3757 1259 3812 Domini

104 3827 320 3890 aMooLxxl
344 3831 404 3898 (ubi
426 3833 461 3885 A.
480 3833 513 3886 Β.
534 3831 578 3887 01
605 3828 759 3886 Mconxl.
777 3829 885 3896 bahem)
909 3831 1015 3882 dadam
1032 3847 1093 3896 esse,
1117 3832 1163 3884 sed
1180 3831 1258 3896 finem

144 3903 304 3970 saunplaris
333 3902 367 3955 ab
399 3919 428 3956 so
458 3903 584 3971 descripti
613 3903 695 3955 obiter
725 3903 868 3970 inspiciens
897 3917 1002 3955 orasse
1036 3903 1178 3955 censersdus
1212 3907 1257 3957 est.

144 3975 172 4039 2)
188 3973 383 4042 Iraussunusta
400 3977 470 4028 enim
485 3973 605 4027 ciausssla
619 3973 735 4026 aeduum
752 3973 811 4029 Bb.
821 3975 871 4038 5⁸,
889 3988 976 4040 ssspra
989 3989 1019 4041 p.
1032 3975 1093 4040 506,
1112 3990 1139 4029 n.
1151 3976 1178 4029 4.
1196 3975 1257 4029 512.

144 4043 222 4110 dicta,
242 4061 366 4098 numeros
389 4045 545 4114 pontificum
569 4061 651 4113 nsque
674 4045 711 4096 ad
728 4043 909 4096 Innocentium
927 4044 955 4097 V.
977 4045 1141 4110 computasti.
1184 4043 1258 4096 Unde

143 4114 191 4167 lsoc
203 4115 256 4167 loeo
267 4132 327 4169 enm
343 4117 477 4169 scribendi
487 4117 565 4182 tinum
577 4116 677 4182 fuisse,
695 4115 800 4182 reliqua
811 4131 879 4182 auae
891 4116 920 4167 in
931 4113 1064 4168 codicibus
1072 4115 1099 4168 D
1109 4121 1258 4182 sequuntur

102 4185 178 4244 asab
195 4187 249 4239 alio
266 4186 361 4239 addita
379 4203 432 4242 esss
449 4193 569 4256 apparet.
653 4190 681 4254 3)
701 4187 770 4239 Tum
786 4187 906 4254 seqnitur
923 4192 988 4238 noio
1005 4185 1037 4237 ds
1054 4192 1178 4239 conuentu
1196 4188 1257 4252 sra-

143 4262 217 4308 trum
240 4257 461 4312 Praedicatorum
484 4259 649 4324 Rotuileuss',
676 4273 710 4310 ea
736 4273 790 4324 qua
817 4257 880 4309 hasa
906 4256 946 4309 ibi
970 4259 1072 4324 scripta
1099 4273 1151 4310 csse
1174 4263 1256 4324 patet.

142 4329 171 4393 4)
192 4329 245 4380 Hir
268 4331 339 4382 euim
363 4331 393 4382 iu
417 4331 466 4382 boo
490 4329 572 4382 codiee
596 4329 705 4381 additus
722 4333 759 4380 cst
776 4329 891 4381 inseris
908 4329 1101 4394 mapistrorum
1119 4331 1148 4380 in
1167 4329 1255 4380 Corsti·

142 4401 281 4451 mundonis
300 4400 350 4455 IV.
374 4406 453 4467 parte
470 4401 509 4454 II.
545 4401 597 4454 Sed
615 4399 747 4454 lobannis
770 4401 826 4452 iam
844 4415 869 4454 a.
884 4401 961 4455 1264.
980 4401 1107 4466 mapr'ster
1122 4400 1257 4466 pennalis

141 4469 234 4523 electus
251 4476 295 4526 est.
385 4473 413 4539 b)
432 4471 546 4540 Dulcia
564 4471 645 4525 buius
662 4471 758 4524 codicis
780 4473 872 4540 priore
892 4476 1006 4540 tempore
1022 4473 1124 4540 scripta
1141 4471 1258 4535 fairrito

991 4575 1043 4632 33*
