3136 4990
228 470 411 526 sununs
429 471 458 528 S.
472 470 590 528 PETRI
607 470 982 529 nRPsnsrURrsnsss
1000 470 1184 530 MAIORIIS.
1232 476 1266 528 63

147 658 199 808 {lg
218 655 322 808 rurpis
359 656 599 740 magnitudine
632 655 810 741 grandinis
847 655 1002 740 lepidum
1038 655 1177 740 penitus
1212 677 1266 720 vs-

199 764 262 808 ren
280 765 332 808 ur.

252 849 545 916 MOLXXVIIH.
582 852 683 916 Luna
697 851 823 916 XIIII.
837 851 916 916 Kal.
929 851 1141 936 Septembris
1157 871 1325 969 primo
1278 851 1356 904 1179

147 939 286 1022 quidem
315 959 425 1022 usque
455 941 499 1005 ad
530 941 680 1006 medium
710 942 821 1005 noctis
852 940 955 1005 solito
984 941 1079 1006 clara
1108 921 1325 1017 existens,‘⁴“⁹

118 1028 273 1092 sdehinc
297 1030 465 1093 mutata
455 1030 743 1114 insanguineum
773 1029 923 1095 colorem
952 1035 1080 1114 usquea
1106 1031 1144 1094 in
1167 1050 1267 1094 mane

148 1117 218 1181 vise
241 1119 305 1196 est,
332 1139 410 1182 cum
434 1121 524 1184 esset
547 1118 673 1182 XIIII.

254 1222 435 1288 Cristanus
465 1225 698 1352 llogontinus
719 1225 1006 1311 archiepiscopus,
1032 1224 1344 1308 Longobardiscen
1351 1247 1395 1292 ετ)

148 1312 318 1378 violenter
347 1314 528 1397 oppressis,
560 1313 953 1379 efilio1marchionis²
982 1315 1025 1378 de
1053 1314 1269 1378 Montelsrra

148 1396 240 1468 siveb
277 1401 371 1467 bello
401 1406 582 1486 superatus
619 1396 709 1468 siveb
746 1402 826 1468 dolo
857 1403 1083 1468 defraudatus
1113 1401 1268 1467 custodie

117 1515 140 1553 ιο
148 1491 377 1576 mancipatur

252 1579 439 1664 Philippus
474 1579 688 1646 coloniensis
721 1581 999 1666 archiepiscopus
1036 1601 1097 1666 pro
1131 1580 1267 1659 iniuris,

148 1689 248 1753 quam
276 1669 343 1733 sibi
367 1669 437 1732 dux
453 1669 600 1735 Saxonis
624 1673 660 1735 et
683 1669 837 1735 Bewcrie
854 1670 1039 1735 Heinricus
1062 1671 1130 1734 ism
1155 1670 1269 1754 sepius

148 1759 327 1834 intulerat,
359 1758 511 1823 secundo
542 1763 674 1823 armate
697 1779 812 1836 manu,
843 1759 962 1843 paucis
986 1759 1155 1842 siquidem
1178 1758 1270 1841 equi-

148 1847 250 1922 tibus,
277 1848 339 1912 sed
363 1846 521 1930 pluribus
543 1847 812 1932 indisciplinatis
835 1848 1020 1932 peditibus,
1044 1852 1172 1913 terram
1196 1847 1269 1912 eius

118 1959 141 1998 n
149 1935 326 2012 invadens,
351 1936 480 2020 oppida
503 1940 539 2001 et
560 1937 718 2002 civitates
741 1958 844 2020 quam
867 1936 1032 2021 plurimas
1055 1936 1158 2000 nimis
1182 1939 1269 2001 etro-

149 2025 233 2090 citer
248 2025 445 2090 devastavit
468 2028 504 2090 et
518 2025 690 2102 incendit;
715 2027 873 2110 quodque
889 2027 999 2110 magis
1014 2026 1270 2091 abhorrendum

150 2117 208 2183 est.
234 2113 381 2178 ecclesie
411 2117 448 2179 et
470 2115 679 2179 monasteria
706 2115 890 2180 temerario
920 2135 1006 2178 ausu
1035 2116 1270 2196 hactenusque

149 2203 319 2278 inaudito,
344 2203 418 2286 ipso
434 2203 565 2286 utique,
589 2208 630 2268 ut
646 2205 740 2269 credi
763 2204 817 2268 fas
841 2208 903 2282 est,
919 2204 1040 2280 invito,
1064 2224 1084 2267 a
1108 2203 1179 2267 suis
1195 2223 1270 2267 oon-

150 2295 358 2368 cremantnr,
395 2295 431 2357 et
460 2293 610 2376 virgines
641 2291 735 2356 Deo⁰
772 2293 899 2370 dicate,
934 2293 1118 2357 infandum
1157 2291 1270 2356 dictu!

118 2381 372 2465 nimpudenter
395 2380 606 2446 deflorantur
630 2385 665 2446 et
688 2381 739 2444 ita
762 2383 896 2466 captive
920 2382 1142 2446 abducuntur
1150 2381 1172 2443 ³.
1205 2380 1271 2444 His

150 2469 198 2533 ite
220 2470 375 2554 peractis
395 2470 577 2535 castellum
593 2470 819 2550 Haldisleibe,
844 2471 1082 2536 annitentibus
1098 2470 1272 2535 Saxonum
1281 2493 1336 2540 (oe.
1345 2493 1411 2536 ιω..)

151 2558 367 2644 principibus
391 2562 426 2624 et
442 2554 646 2624 deevvico‘1
672 2559 931 2644 lantgravio⁰·⁴,
956 2561 1013 2624 oui
1036 2563 1179 2625 eatenus
1203 2559 1273 2622 dux

150 2647 239 2712 idem
262 2647 319 2711 nil
342 2647 472 2712 sinistri
492 2649 740 2732 suspicabatur,
765 2650 907 2712 hortatu
930 2649 1086 2735 improbo
1110 2648 1154 2712 ed
1178 2668 1213 2712 se
1235 2648 1273 2711 in

152 2737 186 2800 id
216 2738 335 2822 ipsum
364 2735 493 2814 illecto,
532 2738 688 2821 prefatus
719 2738 863 2802 antistes
893 2737 1096 2821 aliquandiu
1125 2737 1271 2802 obsedit.

121 2825 217 2890 nSed
246 2827 365 2910 rigore
383 2825 544 2890 wbrunuli
566 2825 790 2912 prepediente
820 2829 856 2892 et
879 2827 977 2891 labili
999 2827 1142 2891 fortuna
1164 2826 1271 2902 obice,

153 2915 282 2980 infecto
321 2914 475 2999 negocio,
518 2936 597 2980 cum
631 2917 761 2981 honore
803 2916 977 2994 mediocri,
1019 2920 1060 2978 ut
1095 2936 1157 3000 pur
1192 2915 1272 2992 fuit,

154 3003 195 3067 ad
224 3023 288 3068 suu
319 3002 435 3068 rediit.
482 3002 559 3082 Qua
586 3007 794 3089 tempestate
831 3006 868 3070 et
897 3005 966 3068 alia
994 3005 1102 3069 factio
1140 3003 1274 3069 cunctis

155 3093 314 3158 fidelibus
356 3092 507 3157 dolende
546 3093 683 3158 occulto
719 3093 784 3158 Dei
823 3093 952 3158 iudicio
993 3094 1177 3159 subsecuta
1211 3095 1273 3158 est.

155 3179 353 3246 Coloniensi
390 3202 537 3264 namque
572 3183 829 3268 archiepiscopo
866 3183 910 3246 ad
946 3183 1084 3267 propria
1120 3180 1275 3247 revers0⁵

124 3269 221 3334 sedux
250 3273 464 3336 memoratus
495 3265 713 3336 Udclricumr
740 3271 1062 3338 Helberstatensem
1091 3271 1272 3355 presulem,

156 3363 275 3462 utpote
299 3358 448 3423 tocius
438 3359 563 3425 iniurie
586 3381 646 3425 sue
674 3381 736 3426 seu
759 3361 967 3426 contumelie
990 3361 1213 3437 incentorem,
1238 3362 1274 3423 et

157 3448 212 3530 qui
239 3469 275 3514 se
301 3448 437 3533 pridem
460 3449 843 3528 anathematizaverutl,
875 3449 1084 3514 furibundus
1114 3411 1273 3512 omnibus

156 3537 263 3601 modis
287 3537 417 3623 passim
440 3537 639 3616 infestabat,
672 3540 878 3623 sanguisque
909 3539 1075 3621 sanguine
1105 3537 1272 3620 tangitur,
1283 3562 1339 3603 om
1347 3563 1368 3612 r,
1378 3563 1399 3602 a

156 3625 235 3690 dum
265 3629 450 3710 peccatum
479 3630 621 3712 peccato
650 3627 857 3692 cumulatur.
903 3626 1061 3710 Denique
1091 3627 1145 3690 sui
1174 3625 1274 3691 furiis

124 3849 338 3947 Itppfflegnm}
403 3853 427 3902 b)
440 3853 489 3895 slus
503 3854 523 3898 2.
595 3855 617 3902 c)
631 3853 713 3894 christo
727 3855 747 3899 1.
821 3853 844 3902 (1)
857 3851 981 3904 Lndswlgo
995 3854 1014 3898 2.
1088 3855 1109 3902 e)
1123 3854 1240 3906 lamule
1253 3854 1274 3893 1.

159 4101 184 4165 1)
201 4101 335 4157 somam
402 4105 429 4171 2)
453 4103 588 4156 Wslsezmi
604 4102 659 4157 III.
723 4105 750 4171 8)
770 4102 813 4168 Cf.
834 4101 946 4157 Arnold.
965 4101 1059 4157 nabe.
1077 4102 1117 4170 II,
1133 4105 1184 4164 11‚·
1202 4104 1275 4156 ΔΜ.

158 4171 338 4240 Momm„
364 4173 412 4227 SS.
432 4173 515 4237 XVI,
536 4191 567 4241 p.
585 4175 639 4229 218
657 4189 695 4241 eq.
776 4176 805 4242 4)
825 4175 866 4238 cf.
886 4174 1178 4240 scheller-Merui,
1203 4175 1275 4226 Ano.

159 4241 300 4296 Passerem
315 4260 344 4311 p.
360 4246 411 4299 175
429 4261 485 4312 sq.,·
509 4246 583 4299 Ano.
602 4245 706 4311 Papae,
723 4245 772 4300 SS.
791 4245 872 4310 XVI,
887 4261 917 4312 p.
936 4247 1004 4311 2633
1029 4245 1129 4300 ‘scam
1145 4243 1276 4298 Weltcbr.'

127 4329 179 4369 soe.
197 4316 260 4380 380,
280 4315 325 4369 ‘D.
344 4315 418 4374 Chr!
437 4315 477 4379 ΙΙ,
491 4333 521 4383 p.
534 4319 596 4372 231.
686 4319 713 4382 ὃ)
730 4315 850 4384 Minime,
876 4317 921 4369 aed
939 4319 995 4368 iam
1012 4323 1067 4368 octo
1084 4315 1183 4381 dictita,
1203 4319 1277 4366 cnte-

160 4399 237 4452 qsam
257 4386 360 4440 obsidio
376 4389 462 4440 castri
477 4386 667 4440 flammeae
683 4387 751 4455 (os.
762 4389 791 4444 l)
809 4389 994 4455 mperatum
1012 4389 1105 4439 tisim
1122 4385 1278 4438 Halterstut

161 4465 238 4522 capso
256 4463 303 4509 eet.
375 4459 403 4526 6)
420 4459 453 4512 Α.
468 4461 546 4514 1178.
