3162 5022
309 494 475 552 ORONIOA
487 493 516 552 S.
526 493 642 550 PETRI
654 491 914 549 DRFORDENSIS
925 492 1016 550 MOD.
1035 494 1247 551 armarere
1283 495 1337 550 263

325 681 428 743 Anno
457 676 599 742 Domini
628 674 893 741 MOOLXXIII.
941 675 1106 742 Consules
1136 679 1172 741 et
1204 676 1336 740 iudices
1346 681 1423 734 1273.

219 767 377 832 Driordie
408 788 487 832 cum
509 765 734 830 universitate
758 765 1003 848 confregerunt
1026 765 1165 829 domum
1188 766 1336 828 fratrum

219 855 541 942 Augustinensium,
573 853 657 918 'non
688 854 928 937 permittentes
959 854 1051 937 ipsos
1084 854 1142 917 in⁸
1175 853 1429 921 Erfordiaurso.

219 947 376 1011 habitare
386 943 407 1007 ¹.
493 943 639 1008 ¹Eodem
663 963 753 1006 anno
776 943 813 1007 in
836 945 980 1026 captura
1003 941 1150 1008 allecum
1173 962 1277 1006 neves
1299 942 1336 1006 in

188 1036 305 1100 amari
327 1033 475 1118 plurime
498 1031 672 1097 submerse
695 1035 786 1095 sunt.
894 1031 1024 1096 Eodem
1052 1052 1143 1095 anno
1165 1031 1337 1115 principes

220 1123 398 1189 convocati
419 1122 457 1185 in
473 1121 712 1186 Drankenvurt
735 1120 778 1184 ad
794 1120 997 1185 electionem
1021 1119 1102 1184 novi
1122 1121 1223 1203 regis,
1247 1119 1336 1184 vide·

219 1212 301 1278 lieet
330 1210 555 1295 Mogontinus
565 1209 585 1286 ²,
615 1207 861 1285 Coloniensisl,
891 1207 1137 1282 'l'reverensis⁴,
1161 1208 1337 1292 palatinus

218 1299 337 1378 Renil,
378 1300 448 1364 dux
485 1297 653 1363 Saxonie⁶
687 1302 723 1362 et
760 1297 912 1362 marchio
951 1297 994 1362 de
1032 1296 1334 1374 Brandenburch⁷,

219 1409 336 1455 omnes
358 1387 515 1452 unanimi
538 1407 705 1451 consensu
728 1385 909 1470 elegerunt
930 1386 1033 1451 simul
1049 1386 1146 1470 quasi
1168 1406 1239 1450 una
1253 1405 1336 1450 voce

185 1501 211 1538 ro
220 1478 435 1544 concorditer
462 1477 500 1540 in
533 1475 588 1540 die
618 1475 729 1539 sancti
755 1475 905 1559 Remigii
934 1475 1107 1559 episcopi⁸
1129 1478 1249 1540 sancto
1271 1473 1420 1558 spi-oar.

219 1568 288 1631 ritu
319 1567 509 1650 inspirante
540 1563 699 1629 comitem
730 1564 954 1647 Rudolphum
989 1564 1120 1628 dietum
1156 1564 1198 1629 de
1230 1563 1335 1628 Habi-

219 1647 430 1720 chesburchb
463 1655 500 1717 in
534 1653 766 1717 Romanorum
799 1672 925 1736 regem,
960 1652 1043 1718 licet
1077 1652 1264 1729 absentem,
1299 1653 1335 1715 in

219 1744 356 1808 nomine
390 1742 533 1807 Domini
566 1741 780 1825 elegerunt⁰.
833 1741 959 1806 Postea
992 1742 1029 1804 in
1064 1741 1167 1816 brevi,
1203 1741 1336 1806 scilicet

219 1833 282 1896 IX.
313 1832 392 1896 Kal.
423 1831 637 1906 Novembris,
671 1830 764 1894 idem
797 1830 870 1914 ipse
904 1829 1035 1894 electus
1064 1830 1270 1914 Rudolphus
1298 1831 1430 1902 inoerr.

184 1945 210 1986 ιε
218 1921 449 1986 Romanorum
479 1940 594 2004 regem
617 1919 825 2003 Aquisgrani
854 1919 893 1981 in
921 1919 1048 1982 throno
1071 1918 1193 1983 Karoli
1216 1919 1336 2002 Magni

217 2011 307 2094 regis
342 2031 363 2073 a
393 2008 589 2074 Coloniensi
620 2007 876 2090 archiepiscopo
906 2007 1109 2090 Dngilberto
1139 2028 1218 2072 cum
1270 2009 1335 2070 rin-

219 2101 333 2183 cipum
372 2118 411 2162 ac
442 2097 590 2161 maxima
622 2095 792 2160 nobilium
826 2095 1051 2159 multitudine
1084 2095 1233 2180 gloriose
1284 2099 1336 2161 est

218 2191 343 2252 unctus
378 2189 415 2250 et
448 2185 647 2250 solemniter
682 2188 874 2249 coronatus.
932 2183 1048 2267 Usque
1082 2184 1127 2248 sd
1160 2186 1253 2250 hunc
1287 2205 1335 2250 re·

218 2296 295 2360 gem
333 2275 557 2359 Rudolphum
598 2278 761 2358 tanquam
803 2272 969 2337 oblivioni
1011 2273 1180 2337 traditum
1216 2273 1336 2337 Roma·

183 2386 340 2430 sonorum
364 2383 508 2447 regnum
530 2363 639 2428 iacuit
663 2362 791 2445 absque
813 2362 1019 2446 imperatore
1047 2365 1083 2426 et
1105 2361 1233 2445 absque
1255 2381 1335 2446 rege

219 2452 472 2519 confusibiliter
509 2472 570 2536 per
607 2451 715 2515 XXII
753 2471 875 2528 annos,
914 2451 1033 2515 multis
1073 2451 1173 2516 bellis
1215 2471 1236 2514 e
1273 2451 1335 2520 sol·

219 2542 308 2607 dano
332 2544 368 2607 et
390 2540 547 2605 hostibus
570 2541 652 2605 fidei
675 2543 720 2617 et,
745 2540 837 2623 quod
857 2541 995 2624 turpius
1019 2543 1105 2618 est0,
1130 2561 1151 2603 a
1173 2538 1335 2604 Christia-

218 2631 270 2694 nis
293 2635 364 2694 tem
389 2629 601 2714 principibus
631 2649 734 2712 quam
764 2627 938 2693 nobilibus
960 2629 1122 2712 gravibus
1145 2629 1333 2706 discordiis,

218 2719 345 2803 spoliis,
368 2719 545 2796 incendiis,
570 2716 774 2796 homicidiis,
797 2717 1014 2782 monasteriis
1037 2721 1073 2782 et
1096 2717 1248 2783 ecclesiis
1271 2718 1335 2782 dis-

183 2809 348 2892 rssipatis,
370 2807 444 2874 Deo
467 2807 691 2891 permittente
706 2806 869 2871 atrociter
886 2805 1085 2884 laceratum,
1109 2807 1207 2870 iuxta
1227 2805 1333 2870 illud:

218 2895 263 2960 In
278 2895 386 2961 dr'ebus
403 2894 469 2960 illis
483 2915 549 2960 non
564 2901 633 2960 erat
646 2915 704 2958 rec
721 2893 759 2958 ie
773 2893 910 2974 Israhel,
933 2895 989 2959 sed
1009 2894 1232 2976 compedeque,
1253 2895 1337 2976 qood
1344 2919 1475 2969 ruram.

218 2983 280 3050 eibi
302 2991 420 3050 rectum
441 2981 615 3064 ridebam,
639 2983 696 3048 boc
718 2981 865 3062 faciebat.

323 3076 426 3138 Anno
449 3073 591 3138 Domini
613 3065 921 3137 MOCLXXIIII,r
953 3072 1147 3156 Imperator
1171 3071 1422 3137 (ronam-1274.

217 3162 490 3246 tinopolitanusss
516 3161 734 3226 Baldewinus
757 3161 923 3244 quosdam
945 3161 1079 3227 nobiles
1097 3161 1169 3225 VII
1191 3181 1334 3226 numero
1456 3175 1458 3184 ·

183 3251 425 3320 reinvitaverat
449 3271 564 3316 secum
587 3251 631 3314 ad
655 3269 806 3314 mensam
837 3269 934 3313 suem
957 3249 1147 3314 liberaliter
1170 3250 1215 3313 ad
1238 3271 1334 3333 pran-

119 3339 406 3420 perdendum&
441 3340 502 3405 sed
538 3331 646 3404 *hoel
683 3343 823 3402 excretos
854 3331 985 3419 poadli¹
1026 3337 1127 3402 laotos
1163 3337 1333 3418 occupavit.
1348 3353 1451 3402 eoo-1⁴.
1460 3353 1493 3392 1⁸·

217 3427 308 3493 Nam
337 3429 374 3492 in
402 3429 478 3511 ipso
507 3421 648 3494 eodeml
674 3427 819 3511 prandio
849 3427 985 3510 prefato
1013 3426 1201 3492 reverendo
1231 3431 1334 3510 atque

218 3517 390 3584 catholico
413 3511 466 3582 et¹
496 3516 684 3582 christiano
707 3515 905 3599 imperatori
929 3515 1164 3580 acutissimum
1187 3535 1227 3580 ac
1250 3536 1335 3580 mor

217 3692 240 3738 a)
253 3691 284 3729 uic
298 3691 316 3732 1.
329 3689 355 3738 V,
370 3689 420 3733 hab.
434 3691 458 3730 ln
471 3689 526 3732 Erff.
541 3690 568 3733 Β.
608 3687 631 3739 b)
645 3687 786 3728 Hablsburcb
801 3689 825 3738 ¹5
839 3687 1010 3736 Hoblclresbm
1023 3687 1070 3730 121.
1110 3686 1131 3739 c)
1144 3689 1175 3726 alr
1188 3689 1266 3728 dmm
1280 3690 1299 3729 1.
1308 3689 1335 3732 B.

183 3741 243 3795 apd)
262 3743 293 3782 clo
311 3743 377 3794 1.13,·
397 3743 425 3790 ef.
444 3743 506 3792 lurra
523 3755 550 3792 p.
564 3743 611 3792 278,
632 3742 647 3783 1.
661 3741 695 3782 80.
780 3743 801 3789 e)
822 3746 857 3780 est
869 3761 896 3770 -
910 3737 1027 3781 discordiis
1046 3751 1087 3783 om.
1102 3741 1121 3790 1,
1143 3751 1170 3780 w
1189 3742 1210 3780 Β
1229 3743 1334 3791 suppleta.

218 3797 276 3848 sla.
290 3796 485 3838 M⁰CC⁰LXXIH⁰
500 3795 525 3838 Ε,
565 3795 588 3846 g)
603 3795 691 3834 nomlne
705 3795 756 3837 aad.
770 3794 797 3836 Ε.
812 3794 898 3834 aaut.
940 3795 964 3844 h)
977 3805 1019 3837 om.
1033 3794 1065 3844 R,-
1079 3799 1136 3837 extr.
1150 3795 1192 3834 hec
1205 3795 1231 3838 Ε.
1275 3796 1291 3844 Ι)
1304 3797 1335 3835 ele

218 3849 245 3890 Ε.
259 3851 293 3900 3,·
306 3850 389 3901 gaudis
403 3854 422 3892 1.
475 3849 499 3900 k)
513 3860 554 3892 om.
569 3849 595 3888 Ε.
650 3848 666 3898 l)
679 3859 706 3888 ac
720 3847 745 3891 Ε.

217 3989 238 4025 r.
256 3975 318 4039 219,
344 3973 394 4029 SS.
412 3973 506 4040 XXV,
529 3989 558 4040 p.
578 3974 639 4039 707,
665 3971 702 4024 od
726 3987 752 4026 c.
774 3972 857 4038 1271;
883 3971 963 4026 Crob.
982 3971 1101 4024 Miceris
1122 3971 1194 4024 Gora.
1211 3971 1273 4027 VII.
1299 3974 1336 4025 ad

218 4060 243 4100 c.
257 4047 336 4110 1270,
356 4045 404 4099 SS,
417 4043 511 4111 XXX,
534 4061 564 4111 p.
577 4046 638 4100 719.
657 4049 680 4096 ct
698 4042 786 4106 infra.
858 4043 884 4110 1)
904 4041 947 4109 Cf.
965 4047 1069 4094 conam
1088 4043 1230 4096 Weslm·
1245 4044 1336 4096 orobi-

182 4117 331 4184 soepiswpr'
354 4115 512 4182 Mommlr'm'
535 4115 561 4168 d.
579 4115 605 4171 d.
626 4116 703 4169 1274.
730 4112 783 4165 Ort.
803 4113 846 4178 15,
870 4112 964 4180 Beycr,
984 4113 1053 4168 ‘Ua
1073 4113 1098 4168 d.
1118 4114 1156 4170 St.
1175 4114 1293 4179 Erfurt'
1311 4115 1335 4180 I,

214 4202 243 4253 p.
270 4189 321 4243 170
337 4203 391 4254 so,
417 4203 462 4238 nr.
483 4187 552 4254 2⁷13
584 4185 647 4252 Ray.
675 4183 749 4240 oreb.
777 4185 899 4250 Marum.
927 4184 972 4250 Π,
999 4201 1028 4251 p.
1053 4187 1107 4241 300
1128 4201 1180 4253 aq„
1206 4202 1250 4240 nr.
1274 4188 1334 4241 alc.

218 4260 246 4324 2)
273 4257 443 4312 memra.
514 4259 542 4325 3)
561 4256 739 4323 Enyeldmu
756 4255 794 4309 II.
873 4255 901 4320 4)
917 4255 1062 4308 Heinrr'eua
1080 4256 1130 4312 IV.
1201 4259 1229 4324 5)
1247 4257 1336 4308 Ludo-

218 4331 298 4380 wr'ous
315 4329 355 4380 II.
383 4329 441 4380 daco:
459 4328 611 4383 bawariae.
692 4329 720 4390 6)
737 4327 864 4379 Alter-tos
881 4327 920 4381 ΙΙ.
1003 4327 1030 4398 7)
1049 4327 1143 4380 Potius
1161 4327 1334 4394 mor-olricus,

217 4415 329 4467 qucum
347 4402 436 4452 maior
454 4404 511 4450 crat
528 4399 662 4451 Iohannes
679 4397 718 4452 ΙΙ.
789 4399 817 4464 8)
836 4397 929 4450 Potius
947 4397 1016 4466 Sept.
1034 4400 1078 4454 29.
1151 4399 1179 4466 9)
1197 4399 1336 4465 Nusquam

181 4470 362 4538 cquidqoam
380 4471 446 4522 ocni
462 4471 494 4522 dc
510 4471 582 4522 obilu
600 4469 735 4522 Baldur'm'
750 4470 846 4523 inveni.
