3162 5022
258 451 312 505 208
348 447 683 506 circumiturum
694 447 956 505 ERFORDENSIS
974 447 1064 506 MOD.
1082 448 1118 504 A.
1130 450 1314 506 1209-1211.

90 611 325 727 eucaffiffi‘flstu
355 637 479 713 copioso
509 641 589 695 tam
612 638 929 697 Teutonicorum
952 656 1068 714 quam
1090 638 1289 696 Italorum
1312 654 1380 712 pro·

260 742 351 801 spero
384 728 496 784 itinere
526 727 658 785 Romam
687 729 848 803 ingressus
881 729 1008 786 domino
1038 745 1118 802 pape
1152 743 1186 784 se
1220 726 1377 794 exhibuit;

260 832 354 890 quem
377 815 477 873 eciam
500 817 626 892 qualem
649 817 749 875 voluit
771 817 902 886 invenit,
926 816 1045 874 sufficet
1067 817 1111 874 ad
1127 832 1220 874 omne
1242 817 1379 891 proposi-

259 908 330 961 tum
360 921 454 962 suum
484 909 523 962 et
551 904 677 963 facilem
707 910 739 963 et
767 909 958 981 promptum.
1006 905 1233 963 Verumtamen
1256 905 1379 962 domi·

260 1011 334 1050 nus
357 1011 440 1068 papa
455 994 495 1052 de
510 995 711 1069 quibusdam,
735 1011 869 1070 quorum
892 995 1054 1053 occasione
1077 995 1141 1051 iam
1159 994 1281 1070 pridem
1296 994 1380 1051 inter
1398 1011 1413 1050 s

259 1099 392 1157 regnum
422 1086 455 1140 et
484 1083 697 1141 sacerdocium
728 1100 792 1142 non
822 1084 934 1152 semel,
965 1084 1022 1141 sed
1056 1084 1172 1158 pluries
1207 1084 1380 1157 perniciose

260 1172 472 1229 dissensiones
495 1177 698 1241 emerserant,
722 1189 741 1229 a
763 1190 845 1247 rege,
870 1174 1053 1248 priusquam
1083 1175 1265 1230 cimanum
1289 1171 1380 1229 bene·

260 1260 406 1348 dictionis
429 1260 613 1336 imponeret,
638 1262 839 1319 securitatem
862 1262 922 1319 sibi
944 1262 1077 1336 prestari
1092 1261 1273 1336 postulavit.
1313 1261 1380 1318 Rex

259 1365 333 1407 vero
361 1350 403 1407 ad
432 1350 582 1424 propositi
612 1350 661 1407 sui
691 1351 965 1408 consumacionem
994 1350 1160 1420 festinans,
1192 1351 1231 1407 de
1254 1349 1379 1425 quibus·

260 1455 395 1513 cumque
429 1442 462 1496 et
492 1439 760 1515 qualitercumque
789 1441 968 1514 postulatus
1002 1439 1120 1508 iuerat,
1155 1438 1378 1514 promittendo,
1391 1457 1416 1495 ro

260 1526 355 1584 fldem
387 1527 502 1596 dando,
532 1527 664 1585 iurando
694 1529 896 1586 securitatem
925 1532 1065 1603 prestare
1094 1545 1159 1586 nou
1190 1528 1322 1596 distulit,
1348 1535 1380 1584 et

261 1617 306 1673 sic
335 1616 420 1691 quod
449 1616 619 1674 affectabat
648 1617 689 1674 ad
718 1617 867 1675 effectum
897 1635 997 1693 nsque
1030 1618 1186 1693 perduxit.
1233 1617 1379 1674 Proxima

155 1719 210 1769 sept.
218 1720 251 1762 ai.
260 1705 356 1778 igitur
379 1704 535 1762 dominica
557 1709 632 1763 ante
654 1704 773 1764 testum
796 1706 957 1764 Michaelis
980 1723 1053 1764 cum
1075 1707 1178 1764 multa
1200 1705 1380 1764 celebritate

260 1794 334 1851 cleri
364 1810 408 1851 ac
437 1795 554 1869 populi,
585 1795 762 1870 principum
792 1799 824 1853 et
853 1795 1007 1853 baronum
1034 1796 1068 1852 in
1091 1796 1222 1853 ecclesia
1246 1795 1380 1852 sancti

260 1882 345 1940 Petri
368 1899 421 1940 rex
437 1881 533 1941 Otto
556 1883 710 1959 imperiali
731 1884 948 1942 benedictione
971 1888 1119 1960 percepta
1141 1885 1274 1959 gloriose
1296 1900 1416 1941 coro-rs

261 1975 356 2029 natus
386 1977 444 2029 est.
490 1971 561 2030 Huc
593 1990 691 2048 usque
719 1973 824 2030 omnia
847 1972 976 2048 optato⁸
1003 1990 1172 2032 successu
1205 1989 1379 2048 processe·

261 2065 347 2130 rant,
377 2060 505 2131 abhinc,
535 2061 621 2136 quod
649 2062 683 2119 in
713 2062 806 2120 rebus
835 2063 983 2120 humanis
1013 2062 1105 2120 valde
1135 2062 1289 2120 usitatum
1319 2065 1378 2130 est,

122 2159 225 2208 strata,
234 2161 254 2202 1.
262 2149 354 2225 longe
384 2150 475 2208 aliter
497 2167 592 2225 quam
620 2150 805 2226 sperabatur
828 2153 942 2209 evenit.
992 2151 1180 2210 Obscurcium
1202 2155 1243 2208 eal
1266 2167 1379 2219 curum,

262 2242 387 2297 mutatus
421 2243 462 2297 est
491 2238 568 2297 color
597 2237 729 2312 optimus.
776 2239 858 2297 Nam
886 2241 1057 2315 imperator
1090 2256 1154 2297 non
1188 2241 1290 2297 solum
1323 2256 1379 2296 sue

263 2327 384 2396 salutis,
408 2345 519 2384 verum
548 2328 648 2385 eciam
676 2329 815 2386 humane
845 2329 1032 2386 verecundie
1062 2330 1157 2386 nimis
1179 2328 1416 2404 impudenterso

263 2415 388 2485 oblitus,
412 2417 574 2490 promissis
604 2433 669 2474 non
698 2417 797 2486 stetit,
820 2417 951 2475 violavit
979 2418 1075 2475 fldem
1105 2421 1137 2476 et
1166 2417 1207 2474 ad
1231 2434 1287 2475 sue
1310 2433 1380 2474 con·

262 2502 395 2561 fusionis
418 2505 581 2562 cumulum
605 2492 763 2580 peierareh
781 2523 840 2564 nec
855 2507 974 2564 veritus
994 2511 1043 2564 est
1064 2523 1123 2565 nec
1138 2506 1378 2564 verecundatus.

262 2592 490 2651 Verumtamen
520 2593 666 2651 dominus
696 2613 778 2670 papa
807 2595 943 2654 iudicem
967 2595 1170 2653 dissimulans
1200 2600 1232 2652 et
1258 2597 1379 2669 patrem

263 2681 413 2739 exhibens
436 2698 500 2739 non
523 2683 627 2757 potuit
650 2700 714 2741 non
737 2685 841 2742 dolere
865 2702 958 2760 super
981 2685 1182 2760 delinquente
1205 2683 1278 2752 filio,
1305 2683 1381 2740 iecit

262 2770 347 2845 quod
369 2771 482 2846 potuit,
506 2773 639 2842 monuit,
662 2774 831 2842 consuluit,
854 2777 1013 2849 postremo
1040 2773 1099 2831 sub
1122 2773 1380 2830 interminacione
1390 2787 1417 2828 so

162 2853 628 2930 's.148‘.⁸excommunicacionis,
659 2866 696 2920 ut
724 2863 933 2938 resipisceret,
963 2861 1085 2921 indixit.
1136 2861 1277 2919 Tandem
1308 2865 1381 2936 post

262 2949 508 3007 ammoniciones
524 2953 672 3024 paternas
687 2967 752 3008 non
767 2952 1011 3027 resipiscentem,
1029 2952 1086 3028 sed
1102 2951 1140 3008 de
1156 2951 1207 3008 die
1221 2951 1255 3007 in
1272 2949 1375 3007 diem⁰

263 3038 418 3095 deteriora
446 3043 691 3113 presumentem,
715 3057 788 3098 cum
818 3057 856 3098 ex
886 3041 1141 3116 contingentibus
1171 3039 1266 3097 nichil
1296 3047 1381 3096 esset

263 3127 425 3196 omissum,
449 3130 527 3185 tunc
550 3127 679 3186 demum
702 3129 924 3187 iustoiudicio
953 3130 1043 3205 qnasi
1071 3129 1195 3186 aridum
1218 3131 1251 3186 et
1273 3127 1380 3203 depra-

262 3220 374 3274 vatum
396 3216 573 3274 membrum
596 3217 635 3274 ab
659 3218 781 3276 unitate
804 3219 940 3294 corporis
963 3218 1092 3277 ecclesie
1115 3234 1179 3275 non
1202 3217 1269 3274 sine
1293 3217 1417 3292 graviso

264 3305 369 3363 dolore
391 3305 549 3380 prescidit.

176 3389 253 3443 121⁰·
369 3393 494 3452 MGCX.
540 3393 682 3469 Hyemps
713 3395 805 3465 dura,
836 3396 955 3470 prolixa
990 3400 1022 3453 et
1051 3394 1254 3453 intolerabilis
1289 3394 1380 3452 valde

263 3480 361 3552 iuit,
384 3485 430 3540 ita
452 3487 489 3540 ut
504 3485 644 3540 veterani
665 3484 810 3542 homines
833 3485 1025 3542 unanimiter
1047 3487 1239 3542 testarentur
1257 3486 1381 3541 tantam

263 3570 386 3646 trigoris
410 3573 689 3648 intemperanciam
713 3589 772 3630 sua
794 3573 1011 3631 recordacione
1033 3589 1098 3631 non
1120 3573 1228 3631 luisse.
1274 3571 1381 3629 Homi-

263 3676 320 3716 nes
344 3661 560 3735 quamplures
576 3662 673 3719 nimio
689 3663 761 3737 gelu
784 3663 899 3720 mortui
919 3667 1004 3732 sunt,
1028 3678 1140 3737 peoora
1163 3665 1196 3719 et
1218 3678 1293 3736 apes
1317 3649 1377 3717 iu‘¹
1391 3681 1417 3721 ιι

264 3765 407 3824 magna
429 3754 543 3824 parte
567 3751 736 3825 perierunt.
782 3750 880 3809 Vinee
904 3756 937 3809 et
959 3767 1078 3809 annose
1100 3750 1226 3808 arbores
1248 3751 1294 3807 ita
1316 3750 1381 3807 lese

265 3841 349 3906 sunt,
374 3840 533 3914 utusque
556 3838 597 3896 ad
620 3840 700 3897 imas
724 3840 844 3898 radices
867 3843 1053 3898 arescerent.

176 3921 254 3974 1211·
370 3924 510 3984 MCOXI.
542 3927 656 4003 Elapso
671 3932 822 4004 tempore,
845 3945 918 3987 cum
934 3929 1207 3986 innumerabilia
1228 3927 1381 3986 bellorum

264 4016 359 4088 atque
389 4014 617 4073 adversitatum
641 4018 802 4075 volumina
831 4018 996 4075 undisonis
1026 4017 1180 4092 pressuris
1203 4021 1236 4074 et
1258 4017 1381 4074 calami·

135 4101 384 4164 simultatibus
408 4103 562 4161 citharam
584 4109 726 4163 nostram
748 4107 782 4163 in
804 4107 925 4164 luctum
949 4111 982 4164 et
1004 4122 1157 4181 organum
1179 4107 1212 4162 in
1235 4106 1418 4181 pictacia-o

263 4208 338 4248 nem
354 4192 533 4250 miseranda
548 4195 705 4252 alteritate
722 4194 951 4263 demutassent,
974 4195 1129 4271 principes
1151 4195 1282 4270 regni,
1306 4195 1381 4252 sci·
1494 4211 1496 4216 ’

263 4281 363 4338 licet
394 4299 448 4339 rex
470 4281 607 4352 Boemie,
637 4283 859 4359 archiepiscopi
888 4284 1092 4359 Mogontinus
1122 4288 1155 4342 et
1176 4283 1383 4358 Magadabur·

264 4450 508 4501 neptunumque
521 4449 568 4494 131,
620 4449 644 4499 b)
658 4449 761 4500 peiorare
778 4449 836 4494 1.R.
890 4449 912 4502 c)
925 4451 956 4490 sle
970 4451 1003 4500 12,·
1017 4447 1054 4491 dle
1069 4452 1088 4494 l.
1142 4448 1166 4500 d)
1179 4459 1208 4490 ex
1222 4449 1299 4493 LIII.
