3182 4996
176 587 253 641 1474.

143 657 209 698 narr.
220 658 252 696 12.

195 2459 255 2507 ma.

177 2514 254 2570 1228.

178 3118 208 3166 Ὗ.
216 3119 255 3162 12’.

262 428 316 482 432
418 423 609 480 cuculosa
626 424 653 482 S.
664 424 781 480 PETRI
792 424 953 482 ERFORD.
972 421 1169 480 APPENDIX
1178 423 1229 481 VI.

369 608 493 672 Anno⁸
529 608 672 672 Domini
705 605 1085 674 ΜθΟΟΟΟοΙιΧΧΙΠΙο
1121 606 1159 671 in
1197 606 1253 670 die
1287 606 1381 671 besti

265 693 423 780 Gregorii
452 717 540 780 pape
572 701 772 762 consecrata
795 698 865 762 sive
888 697 1073 763 benedicta
1096 699 1148 762 est
1170 695 1317 779 insignis
1341 715 1380 759 ae

263 785 389 850 devota
409 805 533 869 ymago
557 785 737 850 salvatoris
760 787 879 862 nostri,
903 786 941 849 in
964 784 1136 849 dominico
1158 784 1311 868 reposita
1334 804 1381 848 se·

263 873 393 958 pulcro,
424 894 446 937 a
473 875 661 939 reverendo
690 875 727 938 in
755 874 893 940 Christo
923 877 1021 959 patre
1054 874 1193 938 domino
1224 872 1380 938 Iohanne

263 962 406 1028 ecclesie
429 963 629 1047 Syronensis
653 963 844 1048 episcopo¹‚
875 962 1151 1028 reverendissimi
1181 962 1219 1025 in
1242 960 1407 1026 Christos

262 1052 371 1136 patris
395 1055 430 1118 et
454 1052 584 1116 domini
608 1052 738 1116 domini
754 1053 886 1117 Adolifi
909 1051 1158 1136 archiepiscopi
1181 1050 1381 1135 Magantini

262 1141 299 1204 in
323 1140 580 1225 pontificalibus
603 1141 731 1207 vicario
754 1162 815 1207 seu
838 1140 1066 1224 suffraganeo.
1105 1146 1143 1203 ln
1166 1163 1229 1222 qua
1252 1146 1381 1221 quidem

261 1237 410 1311 ymagine
440 1237 616 1311 subscripto
643 1242 826 1295 sanctorum
855 1236 1014 1294 recondite
1049 1239 1125 1293 sunt
1153 1236 1297 1310 reliquie:
1333 1234 1380 1292 De

262 1324 347 1400 ligno
377 1329 487 1382 sancte
518 1319 630 1394 crucis,
664 1325 794 1383 Fabiani
828 1325 964 1400 episcopi
1001 1328 1034 1382 et
1063 1325 1211 1394 martiris,
1243 1323 1380 1381 'liburcii

263 1414 409 1482 martiris,
430 1412 570 1471 Oswaldi
589 1415 671 1490 regis
687 1417 720 1472 et
735 1415 881 1484 martiris,
905 1413 1053 1472 Basilidis
1068 1414 1216 1471 martiris.
1252 1411 1415 1471 Sancto-10

263 1519 333 1560 rum
356 1502 385 1559 X
412 1503 535 1560 milium
569 1503 744 1560 martirum.
790 1502 837 1561 De
872 1507 983 1560 sancta
1016 1502 1139 1578 legione
1169 1501 1377 1560 Thebeorum.

263 1590 371 1648 Sancti
393 1589 533 1666 Gregorii
556 1609 645 1667 pape.
684 1590 871 1649 Sanctarum
894 1591 1041 1649 undecim
1065 1591 1188 1648 milium
1211 1591 1379 1665 virginum,

262 1679 366 1738 Prisce
400 1680 530 1755 virgime
565 1684 599 1739 et
632 1681 779 1738 martiris.
824 1679 976 1756 Idemque
1011 1680 1158 1738 dominns
1193 1678 1380 1754 Syronensis

262 1770 427 1844 episcopus
443 1769 590 1826 omnibus
613 1773 645 1827 et
663 1769 795 1845 singulis
818 1770 939 1827 tociens
955 1770 1103 1845 quociens
1119 1785 1225 1827 coram
1240 1768 1381 1843 predicta

262 1858 410 1932 ymagine
432 1859 466 1915 in
488 1859 673 1916 memoriam
696 1858 851 1916 dominice
873 1859 1029 1934 passionis
1052 1875 1089 1916 ac
1112 1859 1250 1935 quinque
1273 1857 1416 1914 vulne-rs

262 1964 332 2004 rum
349 1945 465 2005 Christi
481 1948 646 2023 quinquies
662 1947 836 2005 orationem
855 1947 1046 2005 dominicam
1067 1947 1179 2005 devote
1203 1946 1380 2004 dicentibus

263 2036 441 2111 quindecim
462 2036 583 2094 dierum
606 2037 823 2112 indulgencias
840 2036 879 2094 de
895 2037 1044 2094 iniunctis
1060 2037 1245 2111 penitenciis
1262 2035 1381 2093 domini

263 2125 364 2182 nostri
385 2124 458 2183 Iesu
482 2123 599 2183 Christi
625 2130 658 2184 et
681 2129 863 2184 sanctorum
885 2125 970 2183 Petri
1000 2129 1032 2182 et
1054 2125 1144 2182 Pauli
1166 2124 1381 2200 apostolorum

263 2215 341 2284 eius,
370 2214 465 2272 huius
495 2215 678 2273 monasterii
704 2218 918 2290 patronorum,
948 2215 1135 2272 auctoritate
1164 2214 1320 2271 concessit
1350 2217 1382 2270 et

263 2302 504 2362 misericorditer
526 2304 678 2361 relaxavit
699 2305 733 2360 in
756 2307 941 2379 perpetuam
970 2304 1016 2360 rei
1037 2303 1222 2360 memoriam
1246 2306 1278 2360 et
1301 2302 1418 2365 salu-ao

264 2395 329 2448 tem
352 2392 567 2467 plurimorum.
603 2380 740 2451 Amani.
1204 2459 1207 2466 Ι

353 2475 474 2540 Αωιοῦ
509 2475 651 2539 Domini
684 2475 867 2540 millesimo
898 2473 1157 2552 ommno,
1190 2474 1381 2539 indictione

264 2565 414 2628 secunda
424 2564 446 2642 ²,
478 2564 676 2629 dedicatum
703 2567 756 2631 est
783 2565 892 2629 altare
922 2564 1068 2629 inferius
1097 2565 1134 2628 in
1159 2562 1257 2629 Gella
1286 2563 1381 2628 beati

264 2651 431 2716 ΜιιὲίιιίΒ
454 2652 490 2716 in
520 2654 650 2718 honore
674 2657 792 2719 sancte
816 2653 883 2718 Dei
912 2653 1089 2738 genitricis
1112 2652 1222 2718 Maris
1246 2655 1281 2717 et
1304 2653 1380 2716 bea-

263 2744 378 2804 torum
406 2740 640 2826 apostolorum
670 2743 766 2807 Petri
795 2746 831 2807 et
861 2742 971 2806 Pauli.
1017 2748 1085 2806 Hes
1114 2752 1222 2806 autem
1251 2747 1416 2823 reliquisse

264 2835 381 2893 ibidem
410 2838 627 2894 continentur:
659 2837 846 2895 Sanctorum
876 2837 1089 2912 apostolorum
1112 2836 1324 2894 Bartholomei
1347 2839 1380 2893 et

263 2925 417 2983 Bamabe.
448 2924 489 2983 Et
504 2929 685 2984 sanctorum
700 2927 881 2984 martirum:
905 2925 1039 2984 Cornelii
1057 2930 1090 2984 et
1105 2924 1253 3000 Cipriani,
1266 2925 1380 2999 Appol-

263 3014 381 3084 linaris,
398 3014 518 3084 Felicis,
536 3013 656 3086 Ciriaci,
672 3016 845 3073 Marcellini
859 3015 1024 3090 presbiteri
1039 3019 1071 3072 et
1086 3015 1233 3084 martiris,
1250 3013 1378 3070 Fabiani

264 3107 297 3160 et
315 3102 501 3162 Sebastiam.
538 3097 745 3162 *Sanctorum
767 3103 997 3162 consessorum:
1022 3103 1162 3178 Gregorii
1185 3119 1275 3178 pape,
1299 3101 1380 3159 Mar·

263 3193 332 3262 tini,
356 3191 485 3251 Nicolai.
532 3192 720 3251 Sanctarum
741 3192 787 3250 XI
809 3193 931 3250 milium
955 3193 1123 3268 virginum.
1170 3184 1417 3250 Dedicatumso

184 3277 380 3340 nauantem
415 3279 538 3359 quarto
570 3275 688 3341 Nonas
723 3273 881 3341 Octobris
915 3296 936 3340 a
968 3274 1152 3359 Lamperto
1190 3273 1381 3340 venerabili

176 3459 254 3513 1477.

264 3363 453 3429 Senonensi
477 3365 667 3449 episcop04.

370 3448 483 3518 Item‘1
494 3474 584 3518 anno
597 3453 738 3518 Domini
750 3444 1140 3518 ΜοΟΟΟΟΟΙιΧΧΨΙΙ00
1156 3450 1380 3517 reconciliata

264 3561 304 3606 sc
335 3544 378 3607 de
407 3564 496 3607 novo
526 3546 726 3608 consecrata
756 3545 809 3607 est
843 3540 988 3608 ecclesia
1022 3541 1237 3626 prepositure
1267 3540 1380 3604 sancti

263 3753 285 3799 a)
299 3751 407 3800 ammio
421 3751 492 3790 olim
505 3761 573 3790 mam
589 3762 607 3794 s.
620 3751 670 3794 ΧΥ.
683 3751 767 3800 scripta
780 3755 836 3800 rum,
857 3754 876 3790 d
890 3761 957 3790 mam
970 3761 987 3794 ι,
1001 3749 1065 3794 ΧΠ.
1079 3751 1139 3793 rubr.
1153 3750 1277 3799 adimus:
1293 3749 1380 3800 imago
1390 3749 1416 3790 ³5

264 3805 285 3842 ln
299 3805 402 3853 sepulcro
416 3802 562 3844 adtractum
575 3805 712 3856 Dyonlslnm.
762 3805 785 3853 b)
798 3805 894 3854 soptim
907 3805 930 3842 ts
944 3805 990 3847 cod.
1004 3804 1021 3851 f.
1036 3805 1075 3846 11¹.
1090 3805 1123 3844 12.
1138 3805 1203 3842 tertia
1216 3814 1283 3842 mana
1297 3813 1315 3846 s.
1330 3801 1380 3844 XV.

262 3857 345 3907 seispso
362 3861 425 3896 curto
440 3857 577 3904 wadmonte
593 3859 762 3908 praepositum
778 3857 849 3896 Gallae
868 3857 996 3900 &Martini
1013 3857 1125 3897 liethardi
1145 3857 1239 3906 archiep.
1253 3856 1381 3905 Morantur

264 3922 283 3952 a.
299 3911 358 3960 1101,
379 3911 430 3959 Rea.
444 3911 505 3954 arcs.
518 3912 621 3960 Mrem.
636 3912 657 3961 1,
674 3923 699 3961 p.
712 3911 759 3963 2⁸1,
778 3911 865 3962 xm,
884 3923 919 3954 ur.
931 3912 965 3953 44.
1027 3909 1047 3960 o)
1067 3911 1280 3950 haecmomentis
1296 3921 1314 3952 c.
1329 3908 1379 3956 XV,

263 3975 306 4012 qua
319 3967 339 4002 ct
351 3965 480 4012 praxeam
493 3969 564 4014 cunc,
577 3965 660 4014 scripta
674 3969 730 4006 sunt.
790 3965 812 4012 d)
825 3966 934 4014 merua
948 3968 1029 4014 vano
1042 3975 1109 4003 manu
1126 3975 1145 4008 s.
1157 3963 1207 4007 XV.
1227 3964 1310 4012 empta
1323 3967 1379 4004 sust

263 4017 284 4067 e)
298 4017 384 4056 cerras·
398 4027 408 4056 e
423 4017 470 4060 Nlo.
483 4019 509 4058 ds
519 4018 592 4068 δίψη
606 4030 631 4068 p.
645 4018 692 4061 sbi.
703 4017 757 4070 4613
772 4017 991 4058 M⁰GOCO⁰LXXII⁰
1006 4030 1023 4061 e.
1389 4025 1418 4064 40

264 4195 290 4262 1)
307 4193 349 4258 Of.
367 4209 455 4264 suprc
477 4213 504 4264 p.
522 4198 585 4263 427,
609 4212 637 4248 a.
657 4197 681 4251 1.
752 4196 781 4267 2)
800 4197 826 4248 Α
845 4197 913 4264 Sept.
934 4199 958 4251 1.
984 4195 1040 4260 fuit
1067 4213 1093 4252 a.
1114 4197 1192 4251 1228.
1210 4195 1321 4248 induitis
1339 4193 1378 4258 II,

262 4267 290 4332 3)
310 4265 356 4317 Aa
373 4265 496 4318 Werrcm
514 4268 542 4332 fl.
561 4270 622 4332 rita,
644 4269 676 4319 de
692 4283 747 4336 quc
764 4273 841 4320 canc
859 4268 957 4320 omisca
975 4268 1012 4334 (a.
1031 4267 1063 4333 b)
1080 4267 1146 4318 dcta
1163 4271 1209 4320 oc.
1280 4267 1312 4329 4)
1327 4265 1379 4317 Est

256 4337 356 4406 prom
372 4337 452 4389 dubio
469 4338 617 4392 &ionem
634 4339 674 4392 cel
690 4339 876 4406 demordemus
900 4341 1043 4408 episcopie,
1069 4339 1118 4406 qui
1141 4355 1167 4393 a.
1187 4337 1378 4394 1225-1229.

261 4409 324 4460 huic
341 4410 506 4476 episcopatio
518 4411 651 4478 praefuit.
