3208 5006
290 496 344 550 728
512 491 631 546 LIBER
648 491 900 548 GRONICORUM
918 490 1189 549 ERFORDENSIS.

290 673 353 740 rici
368 675 406 738 de
417 673 604 740 Heroordio
615 673 715 739 Libro
730 675 768 740 de
783 677 876 739 rebas
890 673 1196 740 aremorobitioribas
1211 677 1257 740 ad
1266 697 1297 740 a.
1314 680 1412 739 1231.

294 767 511 826 12321223.
539 768 634 826 1333.
661 769 754 828 3323.
783 769 878 828 1333.
908 763 1084 845 exscripsit,
1115 784 1196 845 qaae
1224 763 1263 829 3
1288 763 1344 828 tcto
1366 765 1416 829 aa

289 874 321 916 a.
341 856 435 915 1247.
462 857 556 916 1218.
579 857 674 916 1210.
702 858 796 916 1215.
824 858 918 917 1218.
946 857 1040 916 1304.
1068 858 1162 916 1326.
1190 859 1286 917 1332.
1313 858 1411 917 1333.

291 941 447 1023 lecenter.
498 941 603 1022 Quare
625 939 685 1020 bic,
710 941 766 1022 qui
788 941 883 1006 etiam
904 941 943 1006 in
965 940 1119 1023 33333113
1139 941 1295 1008 03331333
1313 941 1412 1007 Reim-

290 1029 582 1094 bordsbrunaensis
616 1029 785 1094 monendos
819 1051 978 1095 3333333
1015 1051 1163 1096 3333333
1196 1051 1235 1096 ee
1272 1029 1436 1096 arbitrios

288 1125 426 1183 motasse
454 1118 587 1199 videtur,
616 1125 681 1184 tam
709 1117 813 1200 inepte
835 1118 1025 1198 deformavit
1045 1139 1134 1184 33333
1156 1119 1286 1185 annos?
1332 1120 1413 1184 Nom

289 1205 390 1273 otiam
404 1206 561 1272 rationem
583 1207 678 1272 133133
692 1207 773 1287 facti
796 1208 971 1290 3333911333
987 1228 1126 1289 possum,
1150 1207 1219 1273 nisi
1239 1215 1274 1272 at
1297 1215 1412 1290 1333331

289 1295 421 1375 fertem.
460 1295 638 1362 Heinricus
660 1298 697 1362 de
712 1297 906 1378 Heroordia,
930 1297 985 1377 qui
1008 1319 1039 1361 a.
1059 1303 1153 1361 1355.
1178 1297 1295 1362 libram
1317 1318 1411 1362 3333

289 1384 396 1464 edidit,
427 1384 464 1449 in
493 1383 653 1467 abacos
687 1386 760 1450 Neo
791 1387 874 1450 33113
904 1407 1051 1464 moveor,
1082 1385 1195 1467 inanit,
1228 1387 1320 1470 quod
1343 1387 1410 1452 hec

289 1475 373 1557 ipsa,
404 1475 603 1557 priusquam
633 1475 670 1538 in
700 1474 876 1559 publicum
907 1497 948 1540 eo
977 1475 1125 1559 legendo
1159 1477 1409 1552 contraderem,
1423 1501 1451 1538 ιο

290 1563 423 1627 fuerint
451 1585 512 1647 per
541 1564 745 1648 magistrum
778 1565 951 1647 quendam
984 1565 1021 1627 in
1054 1564 1241 1648 theologye
1274 1565 1410 1630 rudiber

290 1655 445 1716 33133313
465 1655 725 1736 verecundisque
741 1657 912 1737 corrupte,
936 1657 1102 1736 reputans
1118 1655 1209 1738 apud
1226 1675 1290 1730 me,
1315 1655 1411 1736 quod

290 1741 382 1804 forte
412 1743 555 1806 'candem
579 1742 741 1807 ‘movebit
770 1741 946 1806 cornicula
975 1742 1082 1806 risum
1112 1743 1252 1806 furtivis
1275 1744 1410 1807 nudata

244 1905 247 1916 Ι
291 1829 483 1906 coloribus,
514 1833 555 1894 ub
585 1831 671 1895 dicit:
694 1831 862 1894 Horatius
889 1831 1036 1914 epistola
1059 1832 1173 1896 133113.
1221 1831 1410 1895 33333331-

289 1916 392 1982 simile
414 1917 538 1982 oidetor
552 1925 709 1983 auctorem
727 1924 869 1983 nostrmn
882 1918 984 1998 faisse
1005 1919 1096 1983 ittum
1118 1919 1306 2001 maoistram
1328 1919 1448 1984 113333

289 2004 400 2088 tobiae,
425 2005 481 2087 qni
505 2006 636 2071 schedas
659 2006 811 2072 Heinrici
834 2009 1060 2089 quodammodo
1082 2014 1195 2074 nactos
1216 2007 1335 2087 fartioe
1358 2029 1408 2074 33

290 2093 453 2176 33333331
463 2096 484 2157 ².

401 2183 472 2265 Qui,
502 2189 538 2248 et
565 2183 632 2265 ipsc
662 2183 747 2265 dicit,
778 2190 985 2249 33331345.
1016 2185 1100 2250 banc
1130 2184 1246 2250 libram
1279 2185 1407 2268 1333311.

289 2272 425 2353 Mirum,
456 2273 539 2353 qaod
566 2272 693 2354 dicerit,
724 2275 852 2355 qnando
880 2273 1038 2354 inceperit,
1070 2295 1143 2354 333,
1174 2280 1210 2339 31
1230 2275 1329 2338 moris
1351 2282 1407 2356 est,

289 2361 417 2441 qnando
449 2360 593 2441 finiverit
625 2369 717 2443 31333
750 2361 883 2426 ediderit
920 2362 1044 2426 tibrum.
1102 2362 1169 2428 Gar
1206 2363 1262 2428 boc
1299 2363 1446 2429 dieitteo

289 2450 419 2530 Iynoro,
450 2451 506 2514 sed
533 2449 673 2515 conicere
698 2457 803 2532 posset
832 2450 951 2532 aliquis
980 2472 1049 2515 eam
1078 2452 1135 2517 boc
1164 2452 1341 2533 3331331333,
1373 2461 1409 2518 ot

289 2543 401 2619 1333331
421 2538 544 2617 fartam
568 2539 725 2604 Heinrico
748 2541 877 2618 factoro.
926 2541 1012 2605 Sane
1040 2561 1106 2605 333
1135 2541 1264 2605 omnino
1293 2543 1408 2623 333331

282 2631 385 2707 potest
405 2647 476 2690 333
499 2631 697 2692 33331345.
721 2628 838 2692 tibrum
860 2649 951 2693 3333
972 2628 1136 2710 incepisse,
1160 2631 1302 2695 3331333
1320 2652 1407 2696 3333

289 2735 395 2778 omncs
416 2713 554 2796 33113333
576 2715 682 2797 libros,
706 2736 784 2796 qnos
799 2717 951 2798 adhibuit,
975 2717 1042 2782 iam
1065 2716 1239 2784 exscribere
1255 2721 1405 2801 potnerit.

293 2802 463 2869 Oronicam
500 2803 584 2868 enim
622 2804 1018 2871 Reiabardsbraenenscm
1063 2807 1227 2888 obiacente
1272 2816 1444 2891 ternporess

283 2898 357 2974 post
385 2899 531 2957 aleco.
554 2892 682 2973 finitam
705 2915 769 2960 3333
793 2901 916 2960 133133
937 2894 1062 2976 emmas,
1086 2896 1200 2977 necari
1223 2918 1288 2963 333
1304 2905 1407 2980 potest

288 3003 358 3047 eam
385 2981 453 3046 iam
481 3003 512 3046 3.
539 2987 634 3046 1345.
668 2983 730 3066 teat
757 2982 907 3066 potuisse.
965 2983 1191 3066 Geneatoaiom
1218 2986 1406 3069 princip-um

288 3070 686 3137 Reinbardsbrcnncnscm
707 3074 811 3137 eodem
825 3072 894 3152 fere
909 3079 1051 3155 133333,
1075 3094 1136 3154 qao
1156 3073 1294 3140 Oroaica
1308 3077 1407 3155 finita

287 3159 338 3240 sit,
363 3159 564 3241 compositam
586 3181 651 3226 3333
673 3161 762 3243 lonae
784 3159 1050 3226 verisimillimam
1072 3161 1194 3244 opinor,
1222 3184 1278 3228 nec
1301 3171 1406 3230 toreca

288 3248 395 3327 facere
412 3247 513 3329 poteri,
537 3248 616 3330 cain
634 3249 805 3315 coaicercm
820 3250 877 3315 boc
892 3252 1015 3316 demam
1031 3258 1105 3332 post
1127 3273 1157 3317 a.
1175 3258 1267 3316 1349.
1284 3253 1442 3333 13313333

288 3357 362 3417 esse,
387 3336 531 3418 anamais
553 3337 610 3402 boc
621 3338 757 3419 probari
780 3359 845 3402 aon
861 3360 955 3420 posse
977 3340 1182 3405 concesserim
1191 3341 1212 3402 ³.
1249 3343 1312 3408 Sed
1333 3342 1406 3406 iuro

286 3427 470 3490 contendere
492 3425 572 3490 mibi
595 3427 703 3490 videor
723 3449 760 3491 eo
775 3447 855 3508 qaae
871 3428 1049 3493 Heiariccs
1064 3431 1120 3494 seb
1143 3452 1174 3495 a.
1197 3436 1289 3494 1326.
1309 3435 1404 3495 1332.

292 3519 385 3578 1333.
408 3514 501 3580 babet
522 3535 588 3578 noa
610 3515 706 3578 33113
729 3521 802 3580 3313
829 3539 859 3580 a.
887 3523 981 3598 1355,
1006 3539 1065 3598 qno
1088 3519 1204 3584 librom
1227 3541 1318 3584 3333
1341 3520 1405 3585 edi-

287 3602 377 3682 derit,
402 3601 580 3684 conscripta
608 3624 681 3684 esse,
712 3603 841 3685 ideoque
862 3626 928 3670 nore
951 3607 1051 3687 paeto
1077 3614 1151 3688 post
1179 3630 1210 3672 a.
1238 3615 1331 3672 1345.
1364 3611 1405 3674 ab

287 3691 936 3774 31333133313331333333310133131333.
977 3695 1065 3758 1133
1087 3696 1225 3761 censebis
1248 3719 1317 3762 cnm
1340 3705 1440 3764 octose

281 3781 450 3862 pterosque
484 3801 587 3846 annos
620 3781 658 3846 in
691 3781 747 3846 boc
781 3781 862 3846 libro
897 3783 1118 3850 conscribendo
1153 3787 1405 3869 consumpsisse?

288 4043 314 4108 1)
331 4043 383 4097 Ed.
403 4044 523 4097 Procae
543 4063 573 4113 p.
592 4047 653 4099 289.
733 4045 761 4112 2)
777 4046 870 4098 Etiam
887 4047 992 4113 quidm
1011 4047 1153 4100 Corradus
1170 4048 1404 4102 Hotberstodencrb

287 4114 385 4165 libram
397 4115 529 4182 Hetacs‘cs',
548 4121 689 4183 ardequam
706 4117 834 4182 33333133,
848 4119 1142 4184 camerescensem.
1171 4119 1222 4172 Sed
1236 4123 1403 4187 3333133133

286 4192 349 4237 sunt
367 4185 429 4237 boec
446 4188 590 4253 33333313,
609 4203 689 4254 33333
707 4187 854 4240 Η31331333
877 4188 948 4240 boec
971 4192 1060 4240 otrmm
1078 4191 1124 4242 sut
1139 4191 1245 4243 ordinis
1262 4193 1402 4257 bosionem,

282 4257 474 4322 provincialem
499 4260 660 4324 33313333
684 4258 828 4322 Saccom'ae,
856 4259 956 4312 tatibus
983 4262 1105 4314 33333113
1131 4262 1268 4326 affecisset.
1310 4264 1401 4315 Etiam
1411 4273 1438 4312 co

286 4329 342 4392 ipsc
359 4328 503 4380 Heinrtcue
520 4346 554 4382 33
573 4330 694 4382 Coorads'
712 4330 871 4398 Oroaobsas'a
895 4331 1024 4398 33333133
1052 4338 1190 4384 mutemus
1213 4333 1316 4385 otdcter
1340 4349 1401 4388 esse.

286 4397 329 4519 gg.
348 4399 527 4522 ‘Itztffircbio'
545 4399 625 4466 XXI,
649 4418 678 4468 p.
697 4403 750 4456 402
769 4417 807 4468 so.
880 4405 907 4470 3)
929 4403 1104 4457 1313133133
1124 4403 1204 4468 XXI,
1228 4422 1256 4472 p.
1275 4407 1328 4462 257
1346 4421 1401 4472 3,·

328 4511 334 4522 .
440 4508 446 4536 ,
467 4487 496 4536 p.
516 4473 576 4526 057.
