3182 4996
308 514 501 571 CRONIGAE
517 514 545 572 S.
555 514 673 571 PETRI
685 513 845 573 ERFORD.
865 514 1063 571 APPENDIX
1074 516 1124 572 vl.
1232 521 1284 574 lte

164 701 311 765 Martini
340 699 377 763 in
412 697 510 765 Gella
544 702 580 764 et
614 698 821 765 cimiterium
860 719 965 784 prope
993 695 1171 764 Werram*
1206 721 1285 765 eum

165 789 302 854 duobus
331 787 500 854 altaribus
530 785 788 854 collateralibus
819 788 1000 853 dumtaxat
1029 787 1281 854 reconciliatisa

166 878 316 961 —quia
344 897 415 942 non
445 880 545 943 erant
567 876 712 953 violata;
720 898 889 996 ”quorum
919 877 1056 962 patroni
1080 881 1171 952 sunt,
1195 878 1285 943 vide·

165 967 250 1032 licet
280 966 393 1032 dextri
423 965 542 1032 lateris
572 961 751 1031 sanctus*
781 966 1014 1042 Sebastianus
1045 966 1176 1030 sinistri
1204 985 1286 1031 varo

133 1081 148 1118 a
166 1059 308 1121 sanctus
323 1054 472 1120 Thomas
495 1055 739 1140 apostolus-
762 1076 823 1140 per
845 1056 1104 1121 reverendum
1093 1077 1131 1119 ιιι
1147 1053 1286 1120 Christo

166 1149 302 1229 patrem
332 1147 368 1209 et
397 1143 574 1210 dominum
599 1142 791 1210 Iohannem
820 1144 1018 1229 episcopum
1049 1144 1284 1229 Syronensem

167 1233 334 1299 vicarium
349 1234 386 1297 in
402 1231 641 1318 spiritualibus
653 1233 724 1299 sire
740 1232 996 1319 suffraganeum
1011 1233 1285 1299 reverendissimi

166 1323 204 1386 in
228 1321 368 1386 Christo
398 1322 507 1407 patris
536 1325 571 1388 et
603 1322 734 1386 domini
763 1322 895 1387 domini
917 1321 1050 1388 Adolffi
1073 1325 1192 1387 sancte
1215 1321 1285 1387 Ma·

167 1411 315 1495 guntine
338 1410 428 1476 sedis
451 1410 752 1496 archiepiscopi,'
741 1433 780 1474 ιιι
803 1410 859 1477 die
882 1410 984 1477 beate
1007 1411 1200 1476 Katherina
1222 1410 1284 1475 vir·
1297 1439 1345 1479 rar
1344 1439 1391 1484 ,aa

131 1500 258 1584 reginis
289 1504 325 1565 et
354 1499 517 1564 martiris.
570 1498 677 1564 Cuius
706 1500 846 1583 quidem
876 1499 1000 1566 eclesie
1030 1499 1206 1565 dedicatio
1240 1500 1284 1565 ad

166 1589 373 1654 instanciam
396 1587 549 1674 religiosi
572 1589 681 1672 patris
703 1589 834 1654 domini
857 1588 1031 1654 Guntheri
1061 1588 1196 1654 abbatis
1225 1589 1284 1654 ibi·

168 1678 247 1743 dem
270 1678 440 1762 presentis
463 1697 525 1761 per
548 1677 695 1742 eundem
725 1677 903 1742 dominum
931 1677 1185 1762 suffraganeum
1210 1698 1285 1744 con-

167 1767 294 1832 stituta
317 1769 369 1832 est
392 1765 538 1850 singulis
561 1766 660 1830 annis
682 1767 879 1850 peragenda
902 1770 939 1832 et
957 1765 1164 1832 celebrande
1182 1767 1285 1833 domi·

167 1855 247 1920 nica
269 1857 348 1940 post
370 1855 592 1939 Margarethe
607 1855 751 1939 virginis
774 1858 810 1920 et
833 1855 994 1920 martiris.
1030 1859 1172 1920 Contulit
1186 1863 1286 1920 eciam

132 1968 158 2008 rs
167 1949 311 2025 prelatus
346 1950 492 2008 dominus
527 1950 692 2026 episeopus
727 1949 914 2024 Syronensis
948 1950 1141 2025 quibuslibet
1174 1950 1285 2008 diebus

167 2042 373 2114 patronorum
395 2040 524 2098 ecclesie
547 2042 580 2096 et
602 2038 750 2097 altarium
772 2055 809 2097 ac
839 2039 932 2096 certis
954 2038 1025 2097 aliis
1047 2038 1285 2108 festivitatibus,

168 2128 315 2186 videlieet
343 2128 469 2203 pasche,
500 2127 720 2203 penthecostes
751 2145 788 2186 ae
818 2144 927 2186 eorum
955 2129 1085 2197 octavis,
1108 2128 1285 2186 nativitatis

168 2215 295 2286 Christi,
311 2215 453 2285 Steilani,
469 2216 620 2275 Iohannis
635 2216 839 2292 evangeliste,
857 2203 1100 2287 Innocentuml',
1120 2216 1286 2292 epiphanie

168 2306 305 2374 Domini,
328 2306 362 2363 in
377 2323 456 2364 cena
469 2306 607 2376 Domini,
631 2307 768 2382 corporis
784 2304 911 2375 Christi,
935 2307 1077 2364 omnium
1093 2310 1284 2375 sanctorum,

132 2394 301 2469 sosingulis
324 2393 415 2453 lestis
438 2395 624 2454 intemerate
647 2395 776 2470 virginis
799 2395 898 2453 Maria
927 2411 986 2453 nec
1008 2411 1072 2453 non
1101 2395 1192 2453 festis
1215 2395 1285 2453 bea·

168 2488 273 2541 torum
291 2484 376 2542 Petri
391 2487 424 2541 et
438 2483 528 2541 Pauli
543 2484 767 2560 apostolorum,
783 2484 933 2542 Iohannis
948 2484 1096 2559 baptiste,
1112 2484 1285 2553 Michaelis,

169 2571 341 2642 Benedicti,
370 2573 566 2630 inventionis
596 2576 629 2630 et
659 2573 861 2632 exaltacionis
885 2577 994 2632 sancte
1017 2575 1128 2643 crucis,
1152 2573 1285 2649 siugulis

167 2662 392 2736 apostolorum,
427 2663 604 2719 animarum
638 2679 675 2719 ac
706 2661 836 2720 Veneris
869 2666 977 2720 sancte
1010 2667 1042 2720 et
1076 2662 1285 2721 dedicacionis

168 2750 290 2818 diebus,
317 2750 464 2807 omnibus
494 2750 798 2826 supervenientibus,
823 2751 954 2810 devotas
978 2753 1134 2809 orationes
1157 2751 1285 2809 dicent·

131 2839 227 2896 abus
246 2832 316 2896 ‘seu
339 2839 381 2896 ad
404 2843 595 2897 structuram
619 2839 748 2897 ecclesie
771 2840 959 2898 elemosinas
982 2839 1188 2916 largientibus
1212 2856 1367 2915 qua-*cra

168 2927 313 3003 draginta
344 2927 411 2986 dies
441 2927 713 3002 indulgenciamm
743 2930 902 3006 perpetuis
932 2929 1125 3004 temporibus
1158 2929 1285 2987 duratu-

166 3015 308 3074 rarum‘.

274 3093 397 3162 Anno(¹
430 3099 572 3164 Domini
605 3094 657 3163 Μο
660 3097 774 3164 0000
777 3091 996 3163 ⁰LXXVIII⁰
1029 3099 1066 3163 in
1100 3100 1157 3164 die
1192 3089 1378 3200 beat114⁷⁸

167 3187 297 3254 Thome
314 3186 597 3253 canthuariensis
620 3191 821 3254 consecrata
844 3191 879 3253 et
895 3187 1056 3254 dedicata
1079 3191 1131 3252 est
1152 3161 1345 3272 capellam
1352 3161 1385 3200 ’θ’

131 3277 262 3342 sobeati
278 3276 460 3341 Laurencii
484 3297 729 3362 supernorum
753 3276 932 3342 ambitum.
968 3275 1058 3341 Nam
1077 3279 1181 3342 autea
1198 3276 1285 3360 pari-

283 3483 312 3551 *)
327 3484 363 3537 In
386 3501 474 3550 marg.
499 3485 556 3536 altis
582 3487 678 3552 quinto
703 3501 787 3537 mnu
811 3499 877 3538 sust.
898 3484 962 3538 XV.
981 3485 1089 3552 suppls
1118 3475 1285 3535 Summum

327 3565 426 3623 altare
455 3567 488 3623 in
517 3566 670 3624 honorem
701 3566 759 3624 Dei
789 3566 1014 3641 omnipotentis
1044 3570 1076 3624 et
1103 3571 1285 3625 sanctorum

327 3654 540 3730 apostolorum
563 3655 649 3714 Petri
678 3658 710 3713 et
732 3654 822 3713 Pauli
851 3672 889 3713 ac
914 3654 1130 3713 confessorum
1155 3649 1284 3712 Martini

328 3747 361 3800 et
383 3743 501 3802 Nicolai
525 3761 598 3802 cum
621 3743 745 3803 duobus
768 3747 801 3801 et
824 3748 884 3802 eet.

132 3853 159 3894 ss
266 3821 309 3904 *‘)
332 3837 460 3890 sanctus
479 3861 523 3870 —
541 3833 679 3892 Thomas
702 3833 863 3908 apostolus
886 3839 975 3906 dete,
1000 3839 1055 3892 alla
1074 3843 1170 3907 quinte
1188 3856 1285 3892 manas

327 3944 392 3982 aare.
411 3928 474 3994 XV,
498 3945 566 3996 quae
582 3935 606 3981 et
624 3927 680 3984 a*
698 3930 821 3997 scripsit,
840 3930 870 3980 δη
887 3943 974 3994 marg.
993 3931 1127 3980 torreat:
1154 3926 1283 3979 sanctus

327 4010 567 4068 Bartholomeus
590 4011 752 4086 apostolus
775 4013 808 4067 et
831 4014 960 4068 sanctus
977 4009 1181 4069 Sebastianus
1205 4029 1284 4068 mar·

328 4100 378 4168 tir,
407 4100 525 4158 sinistri
554 4117 626 4158 vero
656 4099 763 4157 lateris
793 4102 925 4156 sanctus
954 4099 1091 4156 Thomas
1121 4100 1283 4175 apostolus

328 4191 361 4245 et
391 4193 520 4246 sanctus
543 4189 722 4264 Stephanus
752 4188 976 4262 prothomartir
998 4205 1054 4263 per
1076 4189 1284 4247 reverendum

131 4291 158 4331 lo
328 4281 360 4334 et
382 4281 442 4334 cet.

167 4459 241 4553 almae
229 4461 380 4512 cormiliatl'c.
434 4459 458 4510 h)
471 4463 567 4512 emitur·
579 4463 678 4513 οοιροιΙι
692 4463 775 4504 Christi
789 4463 887 4506 mum.
940 4462 1115 4515 ecldunturs
1182 4462 1206 4513 cl)
1225 4463 1285 4506 rubr.

247 4514 373 4558 aster'I
359 4492 483 4563 ollrrrr'plo:
497 4515 568 4564 Silero
581 4517 769 4558 ambitumadsa
770 4523 844 4558 netum
858 4517 918 4557 laur
919 4517 1013 4560 mimi

1036 4609 1072 4664 28
