3214 4990
643 436 812 492 ORONIOA
829 437 965 494 MINOR.
1312 444 1364 497 507

354 623 476 687 Iterum
504 620 572 685 iam
599 626 674 702 post
706 621 784 684 duos
813 620 881 699 fere
911 641 1014 685 annos
1043 627 1153 685 auctor
1182 627 1296 702 noster,
1331 629 1367 687 ut

246 711 378 792 uidetur,
403 733 516 775 nouam
539 707 807 774 continuationem
822 707 957 774 addidit.
995 708 1094 775 Hanc
1116 709 1201 774 enim
1223 733 1245 775 a
1261 710 1366 790 fratre

248 802 383 883 quodam
417 798 542 864 ordinis
571 797 741 863 Minorum
774 797 975 878 cornpositam
1006 819 1070 863 esse
1098 800 1207 880 prinu
1241 807 1366 882 aspectu

247 896 380 972 apparet
409 909 447 953 ec
475 887 519 952 iis
544 887 652 952 multis
674 907 754 968 quae
776 889 813 951 de
836 886 996 965 fratribus
1019 887 1205 952 Minoribus
1227 889 1366 955 diuersa·

218 1000 320 1042 orum
343 985 503 1042 terrarum
517 982 656 1041 narrata
671 980 754 1040 sunt.
785 974 897 1040 Etiam
915 975 952 1040 in
973 975 1158 1058 Thurinqia
1181 998 1251 1042 eom
1269 977 1365 1060 scrin

249 1074 313 1132 tom
336 1088 400 1132 esse
430 1087 468 1131 en
490 1065 564 1146 ipsa
586 1070 676 1145 potet
686 1065 706 1144 ¹,
729 1063 935 1145 Erpbordiae
963 1064 1089 1146 quidem
1117 1064 1155 1129 in
1185 1087 1222 1130 ea
1251 1067 1366 1132 mentio

248 1177 312 1220 non
334 1156 424 1235 facta
446 1159 499 1234 est,
523 1154 578 1218 sed
600 1175 669 1218 cum
691 1159 839 1235 quartum
861 1153 1082 1235 recemum,
1113 1153 1149 1218 in
1172 1176 1268 1236 quam
1290 1156 1367 1221 baec

249 1244 444 1310 continuatio
472 1248 595 1325 recepto
628 1249 681 1323 est,
712 1242 748 1307 in
782 1248 933 1307 concentu
962 1242 1133 1307 Minorum
1163 1243 1367 1325 Erqbordiae

249 1334 400 1415 scriptam
430 1353 495 1397 esse
523 1331 617 1412 infra
647 1329 974 1412 demonstraverimus,
1004 1331 1088 1396 banc
1122 1332 1217 1397 etiam
1251 1333 1367 1398 ibidem

214 1429 351 1488 soonam
381 1442 446 1486 esse
475 1421 626 1486 corsstot2.
680 1419 800 1486 Ultimo
830 1419 895 1484 loco
923 1420 1013 1485 unici
1042 1420 1168 1501 codicis,
1198 1421 1254 1502 qui
1283 1423 1367 1488 bone

249 1511 461 1576 recensionem
490 1509 635 1590 continet,
665 1508 869 1574 Conradinus
897 1507 935 1572 in
958 1509 1061 1574 Itatiu
1077 1510 1275 1592 prosperari,
1300 1511 1367 1576 iam

250 1622 271 1664 a
297 1599 454 1664 Roruanis
486 1599 520 1663 in
549 1604 724 1662 senatorem
754 1596 850 1664 Urbis
879 1598 990 1662 eiectus
1024 1619 1089 1663 esse
1122 1598 1250 1680 dicitnr,
1285 1601 1369 1681 quod

250 1689 368 1771 aliquot
397 1686 582 1769 septimanis
605 1693 679 1768 post
705 1685 787 1750 diem
818 1686 901 1750 Iulii
924 1692 975 1750 24.
1005 1687 1086 1751 anui
1113 1693 1206 1769 1268,
1237 1711 1307 1754 cum
1329 1690 1367 1754 de

255 1775 439 1843 Conradino
462 1798 483 1839 a
506 1774 664 1840 Rornanis
686 1781 805 1856 recepto
827 1774 865 1839 in
892 1774 1102 1841 Germaniam
1124 1777 1257 1842 relatum
1280 1783 1365 1860 esset,

216 1872 419 1948 nantequom
442 1867 479 1930 de
502 1886 535 1928 eo
554 1864 606 1929 die
626 1865 710 1946 Anq.
728 1869 779 1928 23.
804 1864 952 1928 debellato
975 1865 1148 1945 quidquam
1162 1865 1368 1947 Erqobordiae

250 1955 462 2032 innotesceret,
493 1953 644 2035 scriptum
673 1973 738 2016 esse
768 1959 908 2033 apparet.
957 1953 1021 2017 Sed
1049 1953 1101 2018 bic
1130 1954 1223 2035 locus,
1253 1954 1309 2036 qui
1332 1956 1368 2020 in

250 2051 399 2126 quartam
421 2041 633 2108 recensionem
655 2061 721 2106 non
743 2046 882 2123 receptus
904 2040 954 2122 sit,
978 2041 1082 2106 nescio
1098 2063 1143 2106 on
1158 2042 1225 2106 iam
1248 2045 1288 2108 ab
1304 2044 1369 2108 atio

251 2133 402 2214 scrqotore
424 2131 552 2196 additus
570 2130 612 2194 sit
621 2131 641 2194 ³.
676 2130 754 2194 Ideo
776 2151 846 2194 eum
861 2136 1012 2194 reruotum
1035 2153 1057 2195 a
1077 2130 1321 2197 Continuatioue
1336 2134 1367 2197 Ι.

251 2224 307 2287 sub
331 2221 420 2286 tituto
448 2218 705 2285 Oontinnotionis
721 2219 774 2282 ΙΙ.
799 2217 893 2283 edidi.
946 2219 1110 2284 Caeterum
1127 2227 1289 2301 postrema
1317 2243 1369 2286 res

216 2311 289 2376 scin
318 2309 552 2376 continuatione
581 2308 692 2374 tertiae
721 2307 914 2373 recensionis
942 2314 1114 2373 memorata
1144 2308 1195 2373 die
1226 2310 1289 2375 Oct.
1318 2318 1367 2375 19.

252 2399 334 2464 anni
360 2404 453 2463 1267.
484 2397 574 2477 facta
603 2404 656 2475 est,
687 2403 722 2460 ut
748 2397 805 2462 boc
834 2418 920 2461 anno
949 2404 1088 2478 eneunte,
1112 2405 1192 2462 certe
1215 2405 1288 2464 ante
1310 2421 1369 2464 me-

252 2488 341 2553 dium
369 2509 491 2552 anuum
517 2491 611 2550 1268.
642 2487 719 2551 baec
748 2485 927 2568 conscripta
956 2485 1111 2551 uideatur.
1162 2489 1253 2569 Quod
1281 2494 1310 2552 et
1331 2510 1370 2553 en

251 2599 287 2642 eo
304 2577 469 2658 probatur,
492 2577 576 2658 quod
597 2581 706 2640 auctor
727 2573 883 2640 civitatem
899 2574 1020 2656 Ioppen
1043 2581 1072 2640 et
1091 2582 1229 2641 castrum
1244 2577 1370 2643 Montis

251 2665 435 2746 Beltifortis
456 2664 494 2730 in
513 2665 614 2729 Terra
631 2664 751 2729 Sancto
774 2665 878 2728 adicem
901 2685 922 2728 a
942 2663 1144 2729 Christianis
1166 2665 1266 2730 teneri
1287 2666 1369 2731 diue-

217 2755 305 2836 ssrit,
335 2775 415 2836 qnae
444 2753 512 2818 ium
534 2775 564 2818 a.
585 2758 679 2817 1268.
705 2753 807 2817 Mart.
827 2759 856 2817 7.
888 2759 917 2817 et
938 2753 1019 2834 Apu.
1040 2761 1089 2818 15.
1114 2777 1136 2819 a
1157 2755 1289 2819 sotdano
1311 2755 1369 2820 Bi·

252 2846 328 2909 bnrs
350 2849 443 2923 copta
465 2847 547 2906 nent.
600 2840 678 2906 &cm
706 2840 844 2906 Cronica
873 2841 934 2906 bac
960 2841 1194 2908 continuatione
1217 2850 1311 2908 aucto
1334 2844 1370 2908 in

252 2933 411 3014 exemptor
448 2930 737 3010 transscriberetur,
773 2929 881 2994 ornnia
914 2930 982 3009 fere
1017 2931 1234 2996 additamento
1268 2953 1369 2998 recen-

251 3021 353 3086 sionis
368 3020 402 3084 B
424 3027 546 3101 recepta
562 3025 643 3100 sunt,
668 3019 825 3083 nonnutta
839 3038 912 3082 uero
927 3019 1039 3083 borum
1055 3020 1181 3101 omisso,
1206 3027 1235 3085 et
1255 3021 1371 3085 iterum

246 3131 356 3191 pauca
370 3109 496 3190 quidem
518 3109 558 3174 ab
575 3115 700 3173 auctore
718 3107 795 3188 ips0,
819 3113 854 3170 ut
872 3106 993 3188 opinor,
1018 3107 1140 3172 addita.
1176 3108 1255 3174 Cum
1270 3109 1371 3190 iqitur

217 3221 317 3263 sonan
340 3198 448 3262 munia
464 3198 682 3263 additamenta
697 3194 890 3261 recensionis
906 3195 938 3260 B
961 3195 998 3260 in
1020 3197 1103 3261 banc
1119 3196 1244 3262 tertiam
1268 3205 1369 3263 trans-

252 3293 376 3368 sumpto
405 3287 479 3367 sint,
509 3306 574 3351 non
596 3286 703 3365 facere
725 3305 865 3366 possem,
892 3284 972 3366 quin
994 3306 1136 3350 censeam
1159 3286 1196 3350 in
1218 3287 1279 3352 bac
1301 3308 1370 3352 con·

252 3376 419 3441 scribenda
451 3382 480 3439 ct
508 3374 643 3440 codicem
673 3374 902 3456 outoqropbum
932 3373 1126 3439 recensionis
1147 3377 1179 3438 A
1210 3381 1239 3440 et
1265 3376 1370 3441 arcbe·

253 3471 358 3548 typum
381 3464 573 3529 recensionis
594 3463 628 3528 B
651 3463 809 3528 adicibitos
831 3484 904 3528 esse.
953 3464 1040 3528 Sone
1068 3464 1181 3544 ubique
1210 3465 1278 3544 fere
1300 3464 1370 3529 nni-

253 3575 308 3618 cus
330 3555 424 3618 codex
447 3553 557 3618 tertiae
579 3551 781 3631 recensionis,
812 3551 842 3617 si
871 3551 939 3616 eius
960 3553 1077 3617 menda
1098 3558 1128 3616 et
1149 3574 1229 3634 quae
1251 3553 1289 3617 in
1311 3553 1371 3618 bac

217 3667 244 3707 ss
253 3643 388 3708 editione
417 3649 539 3706 mutata
568 3648 642 3706 sunt
672 3640 818 3723 neqleqis,
849 3662 919 3706 cum
947 3640 1076 3706 tectione
1103 3641 1298 3707 recensionis
1327 3643 1368 3722 A,

252 3753 317 3796 non
347 3753 416 3796 cnm
445 3733 594 3796 mendosa
622 3737 652 3795 et
679 3732 854 3812 deprauata
880 3729 1009 3794 ustione
1031 3730 1224 3795 recensionis
1246 3730 1279 3795 B
1302 3752 1370 3796 con·

254 3924 281 3992 1)
300 3923 463 3977 Praesertim
480 3938 539 3975 cum
556 3923 707 3991 pestilentia
725 3939 750 3977 o.
765 3925 842 3977 1267.
862 3924 892 3973 iu
908 3923 1061 3988 ffburinqio
1079 3923 1152 3987 facta
1170 3929 1371 3976 eommnuorota

251 3997 295 4050 sit.
359 3995 387 4063 2>
408 3995 482 4060 Qiead
500 4000 523 4047 et
541 3996 576 4046 iis
593 4010 661 4061 quac
678 3995 709 4046 de
727 3994 852 4061 optismdo
870 3996 900 4045 tn
918 3995 1060 4060 appendice
1077 3994 1150 4058 (III)
1168 3995 1236 4046 edito
1253 3995 1372 4046 disserui

248 4067 391 4133 probatur.
462 4069 490 4134 3)
509 4067 580 4119 Sanc
597 4068 676 4117 utam
693 4067 724 4117 in
741 4072 842 4132 quarta
859 4068 1007 4117 recensione
1024 4065 1067 4116 bic
1085 4065 1155 4117 locus
1173 4067 1259 4118 omdti'
1272 4069 1368 4134 potuit,

216 4140 278 4190 cosi
301 4139 336 4189 ab
360 4140 418 4204 ipso
442 4144 548 4190 arictnu
568 4138 782 4189 continuationis
800 4137 1286 4202 a.1266-1267.su·quussuusu,
1311 4153 1370 4188 cum

252 4212 307 4260 iam
326 4210 442 4275 scriptor
456 4209 640 4260 Gouradinum
658 4209 794 4272 domatum,
813 4215 929 4273 coptum,
949 4207 1105 4260 decollatum
1125 4223 1177 4261 esse
1195 4211 1281 4262 sciret.
1317 4209 1369 4260 Sed

251 4279 395 4348 scrupulus
420 4279 512 4344 obstat,
537 4279 607 4346 quad
632 4295 721 4331 annus
746 4280 1039 4334 incarnationts12b8.
1059 4278 1194 4332 buicloco
1211 4296 1266 4332 uon
1288 4295 1369 4348 prac-

252 4353 350 4402 mtssus
375 4352 419 4416 sit,
445 4357 474 4401 ut
500 4350 543 4402 hic
567 4356 662 4403 auctor
686 4351 775 4413 facere
796 4350 868 4403 sotet.
906 4350 959 4402 Nec
985 4349 1048 4401 tatis
1072 4357 1109 4402 eu
1133 4351 1177 4403 bic
1196 4351 1273 4417 locus,
1294 4366 1369 4418 quem

252 4423 333 4486 facile
350 4439 367 4474 a
386 4423 476 4486 fratrc
493 4421 598 4474 ordinis
616 4421 755 4474 Mincium
772 4423 902 4487 scn'ptum
920 4436 972 4474 csse
989 4421 1091 4478 crcdau
