3130 4990
222 535 410 591 AXNALES
429 535 620 592 ERPHORD.
639 536 831 592 FRATRUM
850 537 1190 594 PRAEDIOATORUM.
1235 541 1271 595 83

146 720 248 784 tibus.
297 721 494 784 Friderious
522 721 639 804 itaque
668 721 711 785 de
736 720 919 786 Drivorte⁸
946 743 986 786 ac
1010 722 1063 785 sui
1086 721 1270 805 complices
1281 719 1359 774 1232·

64 809 255 894 ·‚.nruptis
279 809 454 874 violenter
482 809 619 873 armarii
645 809 757 874 ‘ostiis
787 831 947 894 magnam
977 811 1058 875 inde
1088 811 1269 894 pecuniam
1278 788 1420 836 ΝΜ

145 920 166 962 a
188 899 322 963 civibus
349 899 478 963 ibidem
504 899 696 982 depositam
730 920 834 962 manu
864 899 1032 984 sacrilega
1061 900 1267 976 auferentes,

146 987 260 1064 libros,
287 987 412 1052 calices
436 1007 477 1051 ac
501 987 643 1052 ecclesie
667 991 828 1051 ornatum
859 1009 937 1053 cum
968 992 1164 1053 sanctorum
1192 989 1268 1052 reli-

122 1076 233 1160 squiis
269 1077 517 1141 distraxerunt.
573 1076 698 1141 Fertur
732 1078 838 1141 etiam
873 1097 893 1141 a
923 1077 1143 1160 quibusdam,
1176 1077 1269 1160 quod

145 1167 242 1229 dictu
266 1169 320 1230 est
348 1166 569 1243 horrendum,
600 1166 712 1249 ipsum
738 1169 994 1230 sacrosanctum
1019 1187 1140 1250 corpus
1165 1167 1269 1230 domi·

144 1255 260 1318 nicam
286 1275 307 1318 a
330 1254 496 1319 maleficis
526 1254 654 1319 ibidem
684 1255 721 1317 in
751 1259 880 1319 terram
909 1254 1137 1339 ignominiose
1161 1255 1268 1319 deiec-

145 1347 229 1407 tum.
286 1341 381 1422 Quot
411 1347 527 1408 autem
559 1337 709 1408 ibidemb
743 1343 847 1408 occisi
875 1345 931 1408 vel
961 1347 1047 1428 quot
1080 1344 1161 1428 igne
1192 1364 1268 1407 con·

146 1433 288 1517 sumpti,
321 1433 419 1496 novit
449 1432 558 1510 Deus,
590 1433 720 1497 arbiter
750 1433 837 1510 evi⁰‚
869 1433 929 1558 gui
959 1433 1071 1498 eidem
1101 1432 1176 1496 loco
1207 1453 1267 1517 per

112 1541 241 1585 nanum
271 1523 441 1586 modicam
466 1521 636 1605 presentis
664 1522 714 1586 ire
737 1521 867 1585 stillam
917 1525 1070 1587 eternam
1094 1521 1261 1585 tonitrui⁰

146 1611 197 1674 sui
220 1611 452 1676 comminatus
476 1615 529 1674 est
552 1612 852 1675 corruscationem.

250 1699 330 1764 Hoc
345 1699 558 1764 etiam'anno
574 1699 700 1764 fratres
715 1700 867 1764 Minores
882 1699 976 1762 infra
991 1719 1106 1763 muros
1119 1699 1264 1784 Erphor-
1274 1669 1355 1786 ,Ῑὲᾗι

146 1781 288 1852 densess
313 1787 495 1853 cenobium
520 1788 679 1852 edificare
703 1791 869 1871 ceperunt
880 1787 900 1866 ¹,
925 1789 1009 1852 dum
1032 1791 1264 1854 extramuros

145 1877 271 1942 ibidem
297 1882 381 1962 perg
407 1876 461 1940 IX
485 1897 593 1940 annos
617 1877 824 1942 resedissent
834 1878 855 1938 ².
1275 1936 1354 1991 lm

111 1985 136 2024 n
251 1966 330 2030 Hoc
354 1986 445 2030 anno
468 1965 553 2029 XII.
570 1965 650 2030 Kal.
675 1965 793 2028 Iunii³
815 1958 938 2050 superll
966 1964 1144 2049 Stetingos
1168 1965 1263 2030 Insu-
1274 2005 1370 2051 „affl

144 2053 239 2119 lanoa
264 2055 369 2139 plaga
398 2055 518 2119 indicii
549 2058 786 2120 consummabo
809 2061 877 2132 est;
903 2055 945 2118 de
969 2054 1094 2137 quibus
1126 2055 1262 2132 dicitur,

144 2145 234 2226 quod
258 2145 295 2207 in
319 2145 470 2228 ipsorum
487 2147 580 2208 terra
603 2163 715 2208 comes
732 2143 817 2209 Otto
834 2144 876 2209 de
890 2142 1089 2208 Aldenberc
1113 2146 1263 2207 castrum

144 2233 315 2306 habuerit,
340 2226 454 2298 cuius¹
486 2233 700 2297 habitatores
730 2234 861 2297 incolas
892 2236 984 2297 terre
1008 2232 1126 2296 taliter
1149 2232 1263 2315 sepius

143 2323 373 2386 offenderunt.
410 2321 586 2404 Siquidem
610 2321 646 2384 in
663 2321 781 2386 eadem
805 2325 898 2386 terra
921 2341 1030 2406 pauoe
1054 2325 1135 2384 sunt
1159 2320 1263 2386 eccle·

111 2411 189 2476 nsie
212 2415 249 2475 et
273 2431 316 2476 ex
333 2411 397 2474 hoc
414 2411 540 2475 diffuse
556 2415 660 2494 atque
677 2411 827 2475 distente
844 2410 1034 2495 parrochie,
1052 2413 1262 2494 quapropter

143 2503 298 2564 matrone
322 2521 401 2563 cum
417 2498 554 2564 filiabus
578 2500 648 2563 suis
671 2500 715 2564 ud
732 2499 912 2564 ecclesiam
937 2499 975 2562 in
989 2498 1124 2563 festivis
1140 2499 1261 2564 diebus

144 2589 299 2653 curribus
320 2589 463 2653 advecte
478 2588 680 2665 veniebant;
705 2588 797 2671 quod
819 2587 945 2652 famuli
960 2589 1003 2652 de
1019 2591 1132 2652 castro
1146 2588 1262 2653 viden-

143 2681 201 2750 tes,
234 2677 347 2762 petita
375 2699 396 2740 a
426 2677 565 2742 domino
595 2697 656 2740 suo
687 2677 829 2742 licentia
859 2679 894 2741 et
924 2676 1069 2741 obtenta
1092 2676 1262 2742 violenter

143 2765 206 2830 sibi
228 2769 264 2830 in
281 2785 406 2831 uxores
429 2767 620 2850 rapiebant.
656 2765 734 2830 Hac
750 2767 793 2831 de
810 2785 913 2830 causa
935 2765 1048 2830 incole
1070 2768 1259 2831 castrenses

109 2856 276 2920 scomitis
302 2857 539 2939 expugnantes
564 2856 715 2920 deterre
738 2855 924 2920 eiecerunt.
960 2853 1177 2938 Quapropter
1193 2855 1260 2939 epi-

142 2963 262 3029 scopus
294 2943 511 3008 Bremensis⁴
541 2944 685 3008 fratrem
718 2965 816 3008 suum
849 2937 1010 3008 comitem
1041 2943 1083 3007 de
1113 2943 1261 3027 Lippia⁵

142 3034 184 3097 ad
206 3033 483 3118 impugnandum
505 3033 598 3117 ipsos
614 3033 815 3109 transmisit,
835 3033 895 3115 qui
917 3033 1050 3097 incerto
1067 3026 1155 3096 Deik
1174 3032 1258 3096 iudi·
1270 3020 1362 3130 ¹32⁰ss
1408 3069 1412 3076 ·

141 3123 193 3187 cio
215 3123 348 3186 ibidem
371 3121 543 3186 occubuit.
588 3120 698 3196 Unde,
724 3143 802 3186 cum
826 3121 1005 3205 episcopus
1028 3120 1107 3184 illos
1131 3091 1280 3186 denuns
1324 3121 1329 3134 '
1361 3093 1381 3141 )’

140 3212 273 3286 nasset,
305 3211 427 3295 illique
458 3210 721 3275 denunciatores
752 3212 795 3275 de
822 3213 915 3275 terra
945 3231 1007 3274 sua
1036 3209 1257 3293 expulissent,

105 3301 268 3365 nheresis
293 3301 422 3364 crimen
445 3299 644 3383 impositum
669 3302 721 3363 est
745 3299 889 3375 eisdem;
915 3299 1031 3382 sicque
1055 3299 1168 3363 dictus
1192 3299 1259 3382 epi·

139 3409 262 3473 scopus
287 3390 431 3471 accepta
454 3409 475 3452 a
498 3389 637 3453 domino
654 3409 744 3472 papa
760 3387 924 3452 licentia⁶
946 3407 1049 3472 super
1072 3387 1151 3450 illos
1175 3387 1348 3449 mul-1234.

138 3554 160 3592 ι)
174 3541 298 3583 Drivordia
311 3545 331 3584 1.
393 3543 417 3594 b)
430 3543 461 3582 eie
475 3543 493 3586 2.
509 3544 539 3592 Ρ,·
558 3543 589 3583 lbl
604 3546 623 3586 l.
686 3543 706 3590 c)
720 3543 770 3582 aaa
784 3543 830 3582 roci
842 3543 937 3592 epatium
952 3553 1042 3581 vacuum
1056 3542 1096 3584 rel.
1110 3544 1128 3583 1.
1192 3541 1215 3588 d)
1228 3541 1260 3581 ric

138 3600 157 3638 l.
171 3597 201 3644 P,-
215 3597 337 3636 scintillam
350 3595 370 3638 9.
424 3599 445 3644 e)
459 3597 490 3635 eie
503 3596 534 3645 P,-
548 3597 634 3641 tonitru
648 3597 682 3636 sul
696 3597 720 3647 ²3
735 3601 851 3636 aeternum
866 3597 949 3636 tonitru
963 3596 1034 3635 mani
1049 3598 1067 3638 1.
1128 3594 1260 3644 oilrplror·

137 3649 225 3690 diem
240 3654 260 3692 1.
315 3651 338 3698 g)
351 3651 382 3688 sle
396 3650 426 3696 P,·
441 3655 491 3699 post
506 3653 525 3689 1.
580 3649 605 3702 h)
619 3651 742 3698 masadam
755 3661 823 3699 supra
838 3653 856 3692 1.
909 3649 925 3699 l)
939 3650 1020 3692 mend.
1034 3649 1110 3698 Perta·
1127 3659 1177 3688 eum
1191 3650 1226 3688 sul
1240 3653 1259 3693 1.

101 3704 160 3748 m)
173 3705 224 3742 sule
237 3703 286 3742 soei
298 3703 394 3753 :parm
408 3714 498 3742 caeam
513 3703 552 3746 rel.
565 3706 589 3755 13
607 3705 678 3754 suppl.
692 3703 767 3750 Portu
788 3703 815 3750 cf.
829 3703 892 3750 infru
905 3715 933 3752 p.
944 3703 978 3751 98,
993 3703 1009 3746 l.
1022 3703 1056 3746 11.
1073 3703 1119 3752 108,
1135 3703 1150 3745 l.
1164 3703 1196 3746 ³6.

138 3814 163 3878 1)
185 3810 247 3862 Iam
267 3827 294 3862 a.
309 3812 386 3865 1231.
406 3815 467 3862 testo
484 3809 603 3862 Iorduno
620 3809 652 3863 de
671 3810 760 3862 Giano
776 3825 797 3863 o.
810 3811 854 3875 46,
874 3809 893 3863 l.
906 3809 923 3863 l.
939 3826 969 3875 p.
982 3811 1042 3864 537.
1097 3810 1124 3876 2)
1141 3811 1175 3862 A.
1189 3811 1260 3865 1224

136 3883 250 3938 -1225,
279 3883 309 3934 in
335 3883 414 3933 σιινία
441 3881 604 3948 mmor-um
632 3885 693 3933 ante
716 3886 825 3948 portum
848 3881 947 3934 dictam
971 3880 1173 3946 Krampbentor
1196 3879 1259 3946 (bie

135 3951 361 4021 Kramphenturc
389 3953 463 4008 sont.
494 3953 640 4018 Tburdnq.¹
667 3951 710 4006 ‘D.
730 3953 805 4006 θὴν]
823 3951 867 4018 II,
893 3970 921 4020 p.
940 3953 1001 4006 292.
1025 3958 1049 4005 ct
1073 3954 1167 4016 infra;
1195 3955 1258 4005 aute

134 4025 243 4078 salvam
257 4022 367 4092 Spasmi
380 4023 469 4089 Erpa.
482 4029 538 4078 ant.
552 4024 649 4089 Varii„
667 4023 781 4089 Menke,
799 4022 847 4078 SS.
858 4022 897 4086 ΙΙ,
915 4039 936 4077 c.
948 4025 1023 4090 484),
1042 4039 1067 4077 α.
1083 4025 1258 4080 1225-1231

101 4099 163 4146 min
181 4096 289 4150 ecclesia
308 4095 336 4148 S.
350 4095 473 4161 Spiritus
490 4101 551 4146 ante
569 4095 788 4162 Kranrpbenton·
812 4093 949 4146 Iordanus
966 4095 998 4146 da
1017 4095 1105 4147 Giano
1122 4111 1142 4149 c.
1157 4097 1200 4149 39.
1213 4097 1257 4162 43,

136 4168 152 4222 l.
166 4169 183 4222 l.
195 4185 223 4236 p.
237 4169 345 4233 53414.
374 4165 418 4229 Cf.
431 4163 512 4216 Libri
525 4181 596 4219 orca
610 4166 724 4229 Erfurd.
744 4181 805 4233 app.
876 4165 903 4230 3)
920 4165 1064 4230 Proelium,
1082 4181 1133 4233 quo
1144 4166 1260 4230 sininge

135 4239 227 4291 dmi
249 4245 326 4304 sunt,
351 4253 378 4288 a.
399 4237 478 4291 1234.
503 4237 577 4288 Mass
592 4239 636 4291 27.
662 4238 830 4288 communem
854 4241 897 4291 est.
987 4237 1017 4306 4)
1041 4237 1200 4289 Gerturdus
1218 4236 1257 4290 II.

136 4311 371 4375 blllmnannum.
398 4307 474 4370 Quod
491 4321 516 4361 a.
529 4309 605 4363 1229.
622 4307 682 4360 Dec.
695 4309 738 4363 25.
758 4307 861 4371 factum
872 4314 924 4368 est:
934 4307 1005 4362 Ana.
1018 4308 1102 4371 Stud„
1115 4307 1164 4362 SS.
1174 4305 1256 4372 XVI,

134 4399 158 4450 p.
170 4385 237 4447 3613
265 4381 370 4434 ‘suem
388 4377 519 4432 Webcsr!
542 4395 563 4433 c.
581 4380 643 4444 376,
662 4377 706 4433 (Β.
719 4377 792 4431 car!
810 4377 849 4442 ΙΙ,
870 4397 897 4446 p.
911 4381 972 4433 248.
1010 4379 1052 4442 Cf.
1072 4377 1257 4440 Setumaehcm

27 4506 32 4517 ¹
106 4454 190 4507 ls‘Dr'e
207 4451 368 4520 fflinqor’
382 4451 471 4517 1274.
493 4451 552 4513 173,
577 4451 661 4504 asar.
741 4451 769 4514 6)
790 4450 868 4517 Papa
885 4450 1259 4508 a‚1233.lrm.17.meem

135 4533 222 4578 matra
241 4525 379 4590 stanneos
395 4521 555 4589 praedicuri
571 4523 666 4582 imsitr
683 4519 805 4572 Porthast
822 4536 865 4575 nr.
879 4523 957 4576 9239.

1008 4623 1042 4680 6*
