3188 4990
317 479 484 537 ORONIGA
497 481 525 539 S.
536 480 653 537 PETRI
664 480 926 538 RRFOBDENSIS
939 480 1030 536 MOD.
1048 482 1083 539 A.
1095 485 1172 540 1275.
1252 487 1307 540 275

295 663 413 730 Ἠοο1
442 685 532 730 anno
563 669 644 730 ante
674 664 828 730 tribunal
857 665 1012 750 Philippi
1041 666 1131 750 regis
1161 665 1304 730 Francis
1317 692 1401 739 unse.

188 753 392 837 quibusdam
422 754 696 838 disceptantibus
727 775 789 838 pro
819 755 967 837 quodam
997 754 1162 837 opulento
1185 755 1304 839 predio

188 842 365 907 cniusdam
397 843 514 907 divitis
544 843 710 921 defuncti,
742 843 898 927 prefatus
926 864 986 909 rex
1019 844 1061 908 de
1091 842 1188 907 falsis
1211 843 1304 908 testi·

188 931 273 996 bus*
291 953 409 1008 unum,
434 933 589 1014 quamvis
605 951 801 1016 pauperem,
826 925 1019 996 modicumb
1040 935 1075 996 et
1094 933 1302 1016 despectum,

155 1021 323 1090 evocavit
353 1021 396 1085 ad
427 1039 473 1098 se,
505 1021 622 1085 dicens
652 1021 700 1085 ei:
734 1021 780 1084 ‘Si
810 1021 885 1098 scis,
916 1021 1010 1086 dicas
1040 1021 1145 1086 michi
1168 1020 1303 1086 occulte

189 1107 287 1173 Pater
309 1108 442 1188 noster',·
464 1110 521 1193 qui
547 1109 635 1174 dixit
657 1110 730 1193 regi
751 1110 957 1174 dominicam
981 1110 1173 1174 oracionem
1197 1130 1304 1192 nsque

188 1199 233 1262 ad
255 1198 369 1262 finem.
415 1198 511 1262 Tunc
535 1198 740 1263 exclamavit
762 1219 821 1263 rex
844 1219 957 1263 coram
988 1199 1146 1263 omnibus
1170 1199 1302 1263 dicens:

189 1286 287 1350 ‘Ecce
310 1286 376 1351 iste
400 1287 552 1351 narravit
575 1287 679 1351 michi
709 1290 820 1352 totam
843 1287 1056 1364 veritatem’;
1087 1308 1154 1371 quo
1185 1287 1303 1351 audito

189 1375 249 1439 alii
279 1375 438 1440 undecim
467 1379 574 1441 testes
604 1376 685 1440 falsi
714 1376 862 1440 multum
893 1377 1048 1441 exterriti
1078 1379 1304 1441 narraverunt

155 1484 279 1529 munus
308 1467 386 1548 post
416 1464 542 1528 alium⁰
570 1466 759 1531 successive
784 1468 897 1530 totum
922 1485 1126 1549 processum,
1151 1465 1304 1529 dicentes

190 1573 225 1617 se
249 1573 309 1638 per
332 1554 513 1636 pecuniam
535 1553 641 1618 fuisse
665 1554 853 1619 conductos
877 1559 912 1618 et
935 1549 1159 1619 sabomatosd
1187 1554 1229 1618 ab
1254 1573 1304 1618 ac·

189 1645 264 1706 tore
299 1647 419 1706 avaro⁰
459 1646 495 1708 et
534 1643 660 1707 bibisse
695 1644 935 1726 mercipotum,
971 1637 1084 1725 quodf
1117 1642 1305 1726 vulgariter

191 1731 319 1795 dicitur
348 1729 548 1808 lihkoufg·²,
580 1732 671 1796 circa
703 1752 826 1815 corpus
857 1731 1027 1808 defuncti,
1059 1732 1155 1796 cuius
1189 1731 1305 1796 fuerat

190 1820 356 1903 predium,
389 1823 424 1885 et
452 1822 493 1897 ei,
525 1824 706 1904 postquam
736 1813 826 1884 fuith
859 1823 1025 1897 mortuus,
1053 1821 1171 1884 vinum
1201 1821 1238 1883 in
1268 1840 1304 1882 os

156 1908 330 1974 refudisse.
366 1908 500 1974 Idcirco
524 1929 582 1974 rex
605 1910 861 1994 condempnans
884 1911 1034 1973 actorem
1058 1909 1253 1972 convictum
1270 1912 1305 1972 et

189 1997 355 2080 iniquum,
379 1998 499 2062 relicte
515 1999 672 2063 defuncti
692 2002 727 2062 et
742 1998 859 2062 liberis
876 1999 949 2062 eius
971 1997 1126 2061 restituit
1148 1997 1304 2081 predium

191 2107 267 2150 cum
303 2107 397 2172 pace.
509 2086 670 2152 Prefatus
704 2080 812 2151 idem¹
850 2106 909 2151 rex
943 2087 1088 2151 Francia
1122 2085 1304 2170 Philippus

191 2175 276 2239 duos
301 2195 397 2240 cecos
421 2175 555 2240 solebat
578 2195 715 2261 pascere
732 2176 874 2240 cottidie
898 2175 1092 2250 elemosina,
1117 2174 1305 2257 exquibus

190 2284 278 2328 unus
302 2284 435 2348 semper
457 2265 589 2348 gracias
613 2265 685 2348 egit
701 2264 784 2342 Deo,
810 2264 898 2328 alter
913 2284 993 2328 vero
1011 2284 1111 2329 cecus
1135 2284 1204 2327 non
1220 2263 1304 2339 Deo,

154 2353 249 2420 sosed
284 2374 417 2437 semper
449 2353 581 2436 gracias
617 2353 688 2437 egit
723 2354 796 2436 regi
830 2353 974 2416 Francia
1016 2356 1119 2435 atque
1149 2353 1186 2415 in
1212 2353 1305 2416 hunc

191 2441 329 2505 modum
346 2441 474 2526 pluries
490 2442 755 2519 contendebant,
780 2461 869 2506 unus
886 2442 998 2506 Deum
1013 2441 1197 2518 laudando,
1218 2440 1307 2506 alter

190 2549 305 2613 regem
326 2531 478 2595 Franeie.
526 2530 603 2595 Hoc
627 2531 770 2595 audiens
793 2551 853 2596 rex
875 2553 896 2594 a
919 2531 1084 2595 ministris
1108 2530 1173 2594 sibi
1197 2534 1307 2594 astan-

190 2619 283 2683 tibus
306 2620 406 2684 iussit
428 2619 522 2684 infra
544 2620 726 2704 prandium
751 2613 885 2704 pararil‘
913 2620 981 2683 duo
1008 2618 1149 2703 pastilla
1171 2620 1214 2683 de
1239 2639 1306 2683 ear-

190 2707 291 2772 nibus
314 2707 482 2793 equaliter
505 2709 605 2784 bona,
629 2709 689 2773 sed
718 2709 755 2772 in
779 2729 848 2772 uno
872 2709 953 2792 poni
977 2713 1012 2774 et
1035 2708 1219 2792 superaddi
1242 2709 1306 2772 ius-

153 2797 236 2867 sssit
266 2797 463 2882 colligatam
494 2797 680 2881 panniculo
707 2817 856 2862 marcam
881 2798 972 2875 auri;
1004 2818 1071 2880 quo
1101 2797 1196 2861 iacto
1220 2797 1307 2860 dixit

191 2905 265 2950 rex:
298 2887 398 2951 ‘Date
428 2905 518 2964 ceco,
548 2887 607 2969 qni
636 2907 691 2951 me
722 2886 852 2962 laudat,
883 2886 1061 2970 pastillum
1091 2905 1170 2950 cum
1193 2907 1307 2950 marca

192 2968 282 3038 auri¹
314 2980 349 3040 et
379 2974 474 3040 aliud
505 2974 683 3059 pastillum
706 2976 786 3039 date
817 2975 918 3039 alteri
945 2973 1052 3052 ceco’;
1084 2978 1120 3039 et
1149 2975 1307 3038 adiunxit

191 3083 250 3127 rex
281 3064 415 3129 dixens:
449 3063 537 3128 ‘Scio
570 3068 697 3141 tamen,
729 3065 809 3147 quia
840 3064 934 3128 Deus
969 3061 1181 3147 prevalebit’.
1228 3062 1307 3127 Occi

349 3271 441 3340 nigras
452 3269 520 3340 fieri,
539 3287 573 3324 cx
585 3272 672 3325 altero
686 3271 761 3325 albas
779 3271 839 3326 lieri
857 3270 980 3339 dicunt,
999 3288 1034 3325 ex
1052 3273 1167 3338 utroque
1185 3269 1309 3323 bibentes

156 3355 183 3395 eo
349 3342 438 3396 variae
456 3341 470 3394 f
474 3341 550 3397 ieri.
1239 3343 1243 3356 '

403 3411 438 3466 Iu
450 3412 505 3466 Tro
525 3412 637 3466 odiois¹¹1
647 3417 690 3466 ter
701 3413 730 3466 in
743 3412 787 3466 die
799 3413 831 3466 fit
845 3431 951 3467 amarus
970 3417 998 3467 et
1016 3413 1050 3465 in
1070 3412 1127 3464 die
1146 3414 1202 3464 ter
1214 3410 1307 3466 dulcis.

403 3483 437 3537 In
456 3431 582 3539 Sardinia
607 3483 695 3537 fontes
718 3483 797 3538 calidi
817 3485 901 3538 oculis
919 3484 1071 3551 medentur,
1091 3483 1164 3536 sures
1183 3485 1307 3552 arguunt.

350 3555 422 3608 Nam
440 3555 554 3609 cecitate
572 3553 724 3626 detegunt
742 3571 835 3608 eorum
855 3555 967 3610 lacinus.

403 3625 681 3696 ApudGaramantos
700 3625 774 3679 fons
793 3626 831 3678 its
849 3625 1057 3694 rigidnsdie,
1077 3628 1173 3678 utnon
1191 3623 1310 3693 possit

156 3709 183 3749 sc
350 3697 429 3765 bibi,
448 3697 486 3750 ita
505 3697 615 3752 ardens
632 3701 721 3761 nocte,
740 3702 771 3749 ut
788 3714 844 3750 non
860 3700 996 3765 tangatur.

404 3767 438 3820 In
456 3767 563 3837 Epiron
587 3767 648 3821 sons
666 3772 735 3835 est,
753 3768 781 3821 in
800 3785 854 3836 quo
873 3767 946 3821 laces
961 3783 1076 3822 ,accense
1095 3765 1310 3836 extinguantur

351 3843 379 3891 ot
398 3839 516 3893 extincte
534 3839 739 3894 accendantur.

192 4020 214 4064 a)
234 4018 265 4055 ιιι
279 4019 298 4060 1.
316 4017 337 4060 l'.
353 4016 386 4064 N,·
407 4017 592 4060 subinianus.
673 4018 696 4064 b)
717 4017 747 4056 sto
762 4020 781 4056 1.
797 4017 824 4058 B.
843 4017 864 4058 l'.
879 4017 906 4059 N.
986 4015 1007 4066 e)
1027 4017 1057 4055 sir
1072 4017 1091 4059 1.
1109 4015 1131 4058 V.
1147 4017 1179 4066 bn·
1202 4027 1270 4056 unum
1283 4017 1310 4058 n.

193 4071 216 4120 cl)
229 4071 260 4108 ιιι
274 4071 299 4114 12.
315 4071 348 4118 N,·
370 4071 525 4110 subordlnatos
540 4073 558 4112 1.
577 4069 599 4112 V.
653 4069 674 4119 a)
688 4071 719 4108 alc
733 4071 758 4112 R.
778 4069 800 4112 V.
815 4069 848 4117 N,
869 4080 938 4109 auore
952 4071 971 4112 1.
1024 4069 1087 4117 nale
1101 4071 1119 4112 1.
1138 4069 1160 4110 l'.
1177 4069 1210 4118 N,·
1231 4071 1270 4119 qul
1283 4071 1310 4114 R.

156 4127 215 4172 403)
228 4123 332 4163 lelnkanl
343 4126 366 4172 13
381 4123 478 4174 llgkoull'
488 4125 521 4172 R,
542 4123 653 4163 lincunt
669 4123 697 4172 12·
718 4123 804 4174 lychoff
816 4123 844 4166 N.
898 4123 921 4170 h)
934 4123 965 4160 alc
979 4122 1005 4165 R.
1024 4122 1052 4168 12·
1065 4123 1139 4164 marat
1154 4125 1177 4174 ¹3
1192 4125 1268 4164 lulsset
1283 4125 1310 4167 N.

194 4179 209 4226 l)
230 4178 260 4216 ιιι
274 4179 292 4219 1.
311 4177 403 4226 l'.(1l');
424 4177 480 4217 item
495 4175 609 4226 predictus
625 4178 650 4219 n.
718 4176 742 4224 k)
762 4177 793 4216 alc
806 4176 834 4216 R.
853 4175 876 4215 V.
893 4175 926 4222 Νι
947 4177 995 4224 pari
1010 4179 1028 4219 l.
1091 4177 1107 4226 l)
1127 4177 1158 4216 alc
1172 4180 1190 4220 1,
1207 4178 1227 4216 N
1233 4192 1240 4225 ,·
1261 4189 1309 4218 cum

193 4241 248 4270 suro
263 4231 289 4270 R.
302 4231 325 4273 1'.
379 4229 409 4281 ιιι)
423 4229 565 4282 ‘troglodytis
579 4231 641 4270 lacus
656 4233 691 4270 est
706 4229 760 4270 laid.
816 4229 840 4278 n)
854 4229 924 4278 Epiro
940 4229 993 4272 Isia,

195 4391 221 4456 1)
241 4389 281 4442 Dc
298 4391 464 4456 sequentinm
481 4389 585 4440 duobus
603 4389 705 4453 fabrilis
722 4389 779 4442 vide
791 4405 858 4456 quoe
869 4387 931 4440 dici
947 4405 1032 4455 surpra
1048 4407 1078 4458 p.
1092 4392 1152 4447 124.
1205 4391 1233 4458 2)
1250 4390 1272 4444 1.
1286 4407 1310 4456 q.

194 4457 302 4528 litiani,
321 4460 463 4529 ibdnlnni.

1046 4565 1096 4622 18*
