3188 4990
266 469 319 522 344
402 463 738 522 stromensem
751 463 1012 520 ERFORDENSIS
1025 463 1116 520 MOD.
1135 463 1172 518 A.
1183 467 1261 521 1313.

179 650 353 725 1312.tin⁸,
379 647 451 713 lilio
474 648 621 713 sororis¹
644 649 848 732 marcgravii
871 647 1094 724 Woldemari,
1117 648 1155 711 in
1177 647 1386 732 legittimam

266 738 503 802 conthoralem
541 737 710 802 traderet:
755 741 791 803 et
827 739 969 821 insuper
1006 757 1123 802 omnes
1162 736 1384 810 municiones,

265 847 350 910 quas
379 827 417 891 in
448 830 542 892 terra
565 825 735 892 Orientali
763 826 924 905 habebat,
956 826 1067 891 eidem
1096 825 1253 902 tradidit,
1281 843 1386 908 seque

266 916 425 981 similiter
453 915 662 980 Pliseuensis
695 918 787 980 terre
822 916 1043 994 municiones,
1075 908 1241 999 quarumb
1276 913 1385 979 eciam

265 1008 370 1069 tunc⁰
399 1024 571 1088 possessor
595 1004 767 1081 extiterat,
792 999 849 1069 sel
876 1005 1038 1068 daturum
1066 1003 1202 1068 fidelius
1225 1002 1419 1087 reprom-o

266 1095 312 1158 sit
322 1095 343 1156 ².
392 1092 572 1158 Subactis⁰
594 1113 635 1158 ex
657 1093 900 1158 advocatorum
927 1093 1186 1177 presentacione
1208 1092 1385 1156 mandato·

266 1203 332 1267 que
355 1183 521 1266 principis
537 1180 724 1247 Orientalis
747 1184 838 1247 terre
859 1181 1113 1247 municionibus
1135 1181 1257 1246 alienis
1281 1181 1386 1244 mani·

266 1270 363 1349 bus³,
394 1271 553 1336 advocati
583 1264 839 1335 municionumr
866 1270 1074 1336 Plisenensis
1102 1274 1195 1335 terre
1225 1291 1267 1334 ex
1293 1289 1386 1333 man-

266 1360 348 1425 dato
381 1360 513 1425 domini
543 1363 664 1436 castra,
693 1359 817 1443 quibus
848 1360 994 1444 prefecti
1023 1359 1174 1436 fueraut,
1205 1364 1245 1422 ut
1269 1358 1386 1424 Orien-

265 1449 353 1514 tales
370 1448 640 1533 captivatoribus
656 1448 859 1513 contradere
875 1452 1099 1524 rennuerunt,
1123 1448 1277 1513 dicentes
1293 1468 1424 1511 man-10

266 1539 386 1602 datum
410 1538 486 1601 suiss
513 1537 652 1615 domiui,
677 1538 744 1600 nisi
766 1538 845 1601 viva
867 1558 949 1602 voce
980 1556 1150 1620 sanusque
1181 1557 1321 1620 corpore
1348 1535 1387 1599 id

267 1627 316 1691 eis
340 1628 540 1710 preciperet,
564 1627 705 1690 minime
735 1647 771 1691 se
802 1626 949 1710 explere.
997 1625 1215 1710 Quapropter
1237 1625 1386 1690 termino

266 1716 311 1780 ad
335 1716 400 1779 hoc
423 1715 590 1799 deputato
614 1716 767 1780 marchio
790 1715 974 1780 Misnensis
998 1715 1101 1779 adid
1125 1715 1385 1799 precipiendum

266 1805 302 1866 in
333 1825 472 1868 suorum
503 1805 748 1869 advocatorum
777 1798 913 1868 validat
942 1825 1048 1869 manu
1082 1803 1306 1868 collectorum
1341 1803 1385 1867 ab

266 1892 424 1957 hostibus
448 1886 667 1970 adducitur¹,
692 1894 753 1958 sed
776 1894 820 1958 ab
843 1893 972 1958 eisdem
1001 1893 1072 1956 suis
1095 1893 1281 1969 advocatis,
1307 1912 1384 1956 cum
1398 1911 1423 1951 rs

266 1981 398 2046 validas
427 1983 659 2048 tetendissent
687 1983 840 2056 insidias,
872 1983 992 2047 eodem
1022 1982 1099 2046 loco
1126 1986 1161 2046 et
1185 1982 1241 2046 die
1264 1980 1387 2065 placiti

267 2071 462 2155 captivatur
472 2071 493 2132 ³.
540 2070 676 2136 Ductus
707 2071 816 2155 igitur
844 2071 882 2134 in
913 2075 1064 2136 castrum
1087 2070 1301 2154 Aldenburg,
1331 2063 1382 2134 is¹¹

267 2160 326 2242 qui
350 2179 428 2224 eum
452 2163 591 2244 ceperat
614 2161 662 2224 sic
686 2180 765 2224 eum
789 2159 988 2243 alloquitur,
1010 2163 1051 2222 ut
1075 2163 1171 2224 motu
1194 2159 1386 2223 voluntatis

266 2250 413 2333 proprie,
445 2269 523 2313 cum
558 2250 626 2313 iam
657 2249 746 2313 liber
775 2249 821 2312 sit
851 2249 894 2312 ab
924 2249 1083 2313 hostibus
1112 2249 1318 2332 propriaque
1349 2247 1386 2311 in

267 2338 462 2401 municione
487 2340 656 2421 receptus,
680 2338 718 2400 in
741 2338 795 2400 sui
818 2337 1065 2402 detrimentum
1095 2340 1300 2421 perpetuum
1332 2338 1424 2401 deso

266 2419 353 2489 nuol
388 2424 573 2489 hostilibus
602 2425 758 2503 vinculis,
791 2426 820 2489 si
854 2425 971 2504 libeat,
1002 2426 1213 2490 recludatur.
1261 2424 1386 2490 Grates

266 2515 375 2597 igitur
404 2514 474 2578 suis
504 2535 566 2598 pro
597 2515 661 2578 hoc
691 2515 785 2578 facto
814 2515 1003 2579 refimdens
1033 2535 1135 2599 quam
1166 2515 1317 2589 intimas,
1343 2516 1386 2579 de

267 2603 404 2667 reddita
433 2602 499 2667 sibi
531 2603 694 2667 libertate
725 2623 794 2666 non
817 2603 991 2668 modicum
1014 2599 1198 2687 g'audebat,
1223 2603 1386 2668 municio-

267 2711 395 2775 nesque
419 2691 605 2757 orientales
621 2692 778 2757 hostibus
797 2692 958 2757 subactas
972 2692 1185 2776 validaquem
1201 2713 1305 2756 manu
1324 2711 1386 2775 per

268 2800 346 2846 eum
369 2783 490 2864 postea
506 2781 821 2865 expugnacionibus
836 2782 1091 2847 reobtentas”·⁴
1106 2781 1219 2846 denuo
1243 2781 1386 2866 pacifice
1397 2798 1423 2837 2⁶

291 2869 475 2934 ossidebat.

180 2891 290 3028 lamp
373 2957 440 3022 Per
468 2958 560 3022 idem
590 2961 746 3042 tempus⁰
779 2958 964 3024 Heinricus
994 2960 1181 3043 imperator
1210 2958 1386 3022 Romanus

268 3046 450 3112 obsidebat
480 3047 656 3112 civitatem
680 3047 889 3112 Florensem.
935 3047 1035 3113 Cives
1067 3067 1145 3112 vero
1168 3048 1326 3112 videntes
1350 3067 1386 3111 se

268 3135 427 3201 resistere
449 3157 519 3200 nou
535 3156 643 3220 posse,
668 3137 791 3221 ipsum,
816 3141 857 3200 ut
880 3140 958 3221 post
974 3137 1098 3221 patuit,
1123 3138 1160 3199 in
1178 3137 1258 3201 dolo
1282 3137 1386 3200 hono·

267 3379 289 3430 a]
304 3380 376 3420 Kocln
391 3382 414 3432 1;
430 3381 504 3432 Kotyu
519 3380 544 3424 Ε,
597 3379 621 3430 b)
635 3391 729 3429 quorum
742 3380 768 3424 Ε.
782 3381 803 3419 12
817 3381 836 3423 1.
849 3381 874 3420 V.
917 3379 938 3430 c)
951 3382 983 3420 alc
997 3382 1015 3422 1.
1028 3381 1056 3420 Β.
1072 3381 1100 3429 V,·
1114 3392 1171 3430 poss.
1186 3385 1239 3421 tnnc
1253 3381 1278 3422 E.
1320 3379 1342 3428 d)
1355 3380 1387 3418 alc
1397 3381 1423 3421 ³0

267 3435 345 3472 term
360 3435 378 3475 1.
392 3433 418 3476 Ε.
433 3435 459 3477 B.
513 3433 534 3484 s)
548 3433 662 3484 Subaris,
678 3435 751 3472 edm
765 3445 832 3473 mm
846 3443 952 3484 Μενοῦν.
967 3434 1022 3473 acri·
1037 3435 1056 3476 1.
1118 3433 1136 3485 1)
1149 3434 1181 3473 sle
1195 3435 1227 3482 3,·
1242 3433 1340 3484 ιιιιιπίῐο3
1354 3433 1386 3481 E,-

267 3487 393 3526 municione
406 3490 426 3529 1.
479 3490 501 3538 ς)
514 3488 545 3526 rt:
560 3489 578 3529 1.
593 3487 625 3535 Β,-
646 3487 703 3530 dom.
716 3488 749 3526 sui
764 3487 789 3530 Ε.
844 3486 868 3538 h)
882 3499 949 3528 mauu
964 3487 1007 3529 vol
1021 3487 1046 3528 Ε.
1100 3487 1117 3537 1)
1130 3489 1162 3527 sie
1175 3487 1202 3529 Is'.
1215 3488 1262 3529 LI.
1276 3487 1325 3536 RQ
1347 3487 1386 3526 ab·

267 3537 357 3580 dudtur
371 3541 389 3583 1.
404 3541 450 3582 Bl.
504 3541 528 3590 k)
542 3540 584 3591 hyr
598 3540 624 3582 Ε.
678 3541 693 3588 l)
706 3541 737 3580 olo
751 3539 825 3589 1235
839 3551 880 3583 om.
894 3543 913 3582 1.
976 3541 1153 3589 munecatone
1167 3552 1233 3581 manu
1247 3551 1354 3590 φησιν.
1368 3541 1387 3583 1.

268 3595 291 3642 n)
304 3595 335 3633 ric
350 3595 374 3644 13
390 3593 508 3634 mabsam·
521 3593 546 3636 a.
560 3594 592 3641 12,·
607 3604 631 3633 re
646 3599 738 3642 optenta
751 3593 798 3636 Η.
853 3593 875 3646 ο)
889 3593 974 3634 Eodem
987 3599 1088 3644 tempora
1102 3595 1129 3634 Ε.

269 3771 296 3839 l)
313 3772 426 3837 Apuanis
450 3771 548 3823 norom
564 3769 670 3823 Artem·
688 3772 826 3838 principis
850 3773 882 3823 dr
899 3772 1009 3827 Attali.
1093 3771 1121 3840 2)
1139 3771 1223 3824 Cam
1247 3771 1312 3822 dota
1331 3773 1424 3823 iamet

267 3857 293 3894 a.
314 3843 391 3897 1312.
417 3842 486 3910 Apr.
507 3843 551 3908 13,
576 3841 675 3908 Rr‘eaeiel,
696 3841 784 3894 eodm
801 3843 868 3910 dipl.
888 3843 993 3898 Brund.
1013 3843 1073 3909 BI,
1095 3860 1124 3911 p.
1137 3845 1190 3898 319
1202 3859 1250 3910 sq„
1268 3859 1312 3896 nr.
1325 3844 1386 3897 401.

269 3915 296 3977 3)
315 3913 400 3964 eona
417 3911 481 3964 data
501 3927 526 3967 a.
541 3913 619 3968 1312.
644 3913 719 3965 Mae·
734 3916 761 3980 3,
784 3914 877 3966 Rauda
894 3915 952 3982 BI,
969 3931 997 3982 p.
1011 3917 1072 3981 327,
1091 3915 1210 3978 nanee,
1228 3913 1387 3966 Frtderr'eus

268 3983 389 4036 mrchr'o
415 3999 475 4034 cum
501 3983 559 4048 filio
584 3985 710 4052 prestat
736 4001 763 4036 ec
787 3985 830 4038 die
851 3985 942 4038 Iccobs'
958 3987 1081 4054 Iapetum
1106 3992 1247 4038 mmmm
1271 3999 1332 4048 csse,
1357 3988 1387 4034 ut

268 4055 349 4119 feoda
366 4058 389 4106 et
407 4054 508 4106 allodia
532 4054 701 4107 Woldemaro
718 4056 871 4109 marchioni
887 4058 1037 4112 dimiteret.
1075 4057 1151 4120 Quod
1175 4062 1200 4108 et
1216 4071 1308 4108 remo
1326 4055 1387 4120 fecit

269 4125 340 4192 (cide
357 4131 447 4176 cartas
472 4125 507 4180 it.
528 4141 559 4192 p.
577 4129 728 4192 330-332,
754 4144 797 4182 nr.
816 4129 993 4192 412—416).
1034 4128 1107 4181 Unde
1125 4127 1283 4180 Fridmtus
1303 4125 1424 4194 pauloco

264 4201 327 4263 post
344 4195 413 4248 Mem
431 4196 504 4248 Maii
521 4199 547 4251 4.
573 4211 598 4252 a.
618 4199 696 4252 1312.
721 4214 739 4249 a
755 4198 920 4252 Woldemoro
943 4205 1035 4268 sponte
1059 4201 1187 4252 cimbam
1204 4199 1309 4250 cidara
1326 4213 1386 4250 aare.

270 4267 342 4331 Quid
359 4269 417 4319 vm
432 4269 499 4320 insit
517 4267 579 4320 huic
596 4271 762 4335 nemetim,
781 4285 834 4322 non
846 4271 929 4335 facr'le
946 4277 983 4324 est
1000 4274 1115 4338 occultu,
1135 4269 1204 4338 quod
1221 4285 1267 4322 noc
1281 4267 1386 4334 Weycle,

271 4337 423 4390 ‘Friedrich
441 4339 467 4393 d.
486 4339 589 4393 Frate!
604 4357 632 4408 p.
651 4341 712 4406 326,
738 4356 765 4395 n.
784 4343 811 4407 2,
833 4345 978 4410 perspexit.
1051 4344 1079 4410 4)
1097 4342 1139 4406 of.
1158 4341 1238 4405 infra
1263 4356 1288 4394 a.
1310 4341 1387 4395 1314.
