3130 4990
213 451 398 508 ANNALES
417 441 607 510 ERPHORD.
627 453 817 508 FRATRUM
835 452 1171 509 PRAEDIGATORUM.
1221 457 1256 510 79
1272 477 1286 490 =

135 657 229 718 mmm
257 637 296 702 de
326 635 380 701 bie
404 636 600 718 praeponitis
620 635 836 718 praeruieeum
865 635 916 700 eit.
964 636 1050 702 Sane
1071 635 1256 718 monimum

134 725 235 804 subse
249 725 440 790 Annalibus
455 725 734 806 Erqrbordeneibue
757 725 917 806 exemplar
940 725 1109 790 annalium
1130 725 1168 790 in
1183 724 1255 790 Oro

135 814 210 880 nica
233 813 524 895 exemptionum
547 813 681 896 colliqes.

241 904 320 968 Non
342 909 379 968 ut
400 903 587 968 sententiam
610 902 730 968 Karoli
748 903 867 969 Weueb
890 909 919 968 et
936 903 1099 969 Wilbelmi
1117 903 1255 969 Wotten·

113 993 214 1058 ebaeb
236 992 393 1072 refellam,
425 991 501 1056 baec
524 991 632 1056 omnio
655 991 793 1072 enpoeui,
818 993 874 1056 eccl
894 998 931 1057 ut
952 993 1113 1057 ostendam
1135 999 1256 1057 restore

133 1081 301 1163 quaedam,
325 1079 441 1162 quibus
458 1083 495 1146 cle
511 1101 549 1146 ea
564 1080 719 1146 dubitatio
734 1080 851 1145 moueri
868 1081 981 1162 possit.
1018 1081 1136 1146 Nullus
1151 1101 1256 1161 supe·-

133 1177 213 1235 meet
233 1170 412 1251 scrupulus,
435 1171 491 1235 ced
510 1169 642 1251 pedibus
664 1169 701 1234 in
716 1190 824 1234 eorum
846 1170 1033 1234 sententiam
1048 1171 1257 1235 accedendum

133 1266 221 1339 eeeet,
244 1258 276 1324 ei
297 1265 455 1324 oonetaret
477 1259 697 1324 Sobannatum
719 1265 835 1323 tectum
858 1258 1038 1324 Annalium
1054 1259 1257 1339 metrorum

133 1346 217 1412 cium
246 1347 408 1430 inteqrum
436 1347 622 1428 enbibuiose,
653 1349 709 1412 eod
741 1353 869 1413 econtra
903 1354 1024 1414 canebat
1057 1369 1127 1412 eum
1161 1346 1257 1412 etiam

101 1437 253 1502 nlnouna
298 1457 364 1501 non
408 1435 554 1502 indicata
602 1436 773 1502 nonnullos
822 1435 903 1502 locos
948 1436 1097 1502 muioieoe.
1166 1437 1257 1504 Unde

133 1525 165 1590 Ι.
189 1525 232 1590 F.
256 1523 416 1590 Boebmer
443 1524 512 1590 iam
538 1525 704 1606 nonnulla,
739 1523 780 1590 G.
804 1525 850 1589 Η.
875 1525 971 1590 Pertr
994 1526 1095 1608 pluro
1117 1545 1156 1590 eoo
1183 1525 1256 1591 Oro

134 1614 209 1680 nica
233 1615 268 1679 S.
285 1613 377 1679 Petri
400 1612 590 1679 editionibus
612 1613 681 1678 ouis
702 1613 884 1679 Annalium
907 1613 1183 1696 Erpbordeneium
1209 1614 1256 1678 in·

134 1709 313 1768 currerunt.
360 1703 424 1768 Sed
452 1703 510 1768 boo
538 1701 581 1766 iio
604 1709 727 1767 tantum
756 1701 832 1767 loeie
854 1702 948 1768 licere
970 1703 1119 1784 arbitror,
1143 1702 1257 1784 quibus

135 1792 305 1857 Sebannat
324 1790 482 1856 indicauit
504 1790 541 1856 in
556 1790 659 1856 codiee
675 1793 830 1873 quaedam
853 1791 914 1874 leqi
937 1791 1122 1873 nequivisse.
1159 1792 1254 1874 Sene,

101 1881 163 1945 uei
184 1881 222 1946 in
244 1879 433 1946 Annalibus
455 1886 484 1946 et
503 1879 643 1946 Orouion
665 1901 695 1944 a.
716 1885 812 1944 1252.
835 1879 966 1962 leqerie:
989 1881 1217 1966 Moguntinue
1235 1903 1257 1945 a

135 1970 227 2036 clero
251 1991 315 2035 suo
330 1969 528 2034 vicesimam
551 1971 675 2054 exegit,
699 1968 737 2033 in
757 1969 895 2035 Croniae
917 1969 986 2034 eoba
1009 1992 1039 2034 a.
1061 1975 1161 2034 1244:
1185 1970 1255 2034 Me·

134 2060 303 2144 guntinus
327 2104 388 2122 ...
413 2059 569 2142 quintam
593 2059 769 2123 redituum
792 2061 926 2143 partem
951 2081 971 2123 u
995 2059 1086 2124 clero
1110 2059 1225 2142 exegit
1234 2059 1254 2134 ¹,

134 2147 209 2212 tneo
232 2168 271 2212 ee
287 2149 393 2212 eodem
407 2146 494 2226 fonte
511 2147 657 2228 profecta
680 2167 745 2212 eece
769 2147 913 2228 censebis,
938 2168 960 2211 a
976 2147 1160 2213 Seliannato
1180 2147 1257 2212 baec

134 2235 252 2302 emim
274 2257 342 2301 eece
365 2235 504 2300 conicere
520 2241 618 2318 potes,
637 2235 777 2316 probare
799 2257 865 2300 non
882 2235 1013 2316 paterne.
1052 2236 1156 2300 Porro
1178 2235 1257 2300 ueri·

100 2323 334 2390 »simillimum
365 2331 411 2389 eet
435 2330 508 2406 poet
531 2326 627 2390 cerba
649 2323 799 2389 editionis
823 2324 1065 2390 Sobannatiuoe
1094 2347 1125 2389 a.
1153 2330 1255 2389 1242;

134 2413 266 2480 Eodem
297 2434 389 2478 enno
416 2414 552 2478 Tartari
580 2415 617 2478 in
646 2414 800 2499 Ungerie
832 2413 868 2477 in
898 2413 1002 2478 codiee
1035 2412 1103 2478 eine
1136 2413 1256 2495 commta

134 2502 235 2582 fuioee
257 2501 399 2584 quaein
422 2500 721 2568 Croniumque·
742 2505 945 2584 eequuntuffl,
969 2501 1114 2584 quamuis
1137 2503 1256 2568 Soban-

134 2597 190 2656 nat
212 2611 280 2656 non
302 2590 494 2656 indicauerit
521 2591 748 2673 nequidquam
771 2590 923 2673 anuum,
951 2612 1050 2673 neque
1071 2597 1177 2656 tomen
1199 2592 1257 2657 boo

135 2685 265 2745 coarctat.
313 2679 379 2745 Sed
406 2678 437 2743 ei
466 2679 522 2744 boe
550 2701 659 2744 oerum
688 2699 754 2744 ecee
783 2679 966 2761 uentum,
990 2680 1105 2745 iterum
1129 2679 1256 2746 babebis

101 2769 243 2850 nlomrm,
276 2789 315 2833 eso
344 2788 404 2850 quo
433 2767 564 2850 collique
593 2767 688 2833 etiam
717 2768 853 2832 annales
882 2768 922 2832 ob
945 2775 1071 2833 auctore
1102 2767 1256 2834 Oronicoe

136 2857 170 2922 S.
186 2857 279 2922 Petri
301 2857 474 2939 encom'qrtoe
496 2879 519 2922 a
533 2857 637 2936 fratre
652 2855 777 2922 ordinis
793 2856 1057 2922 Praedicatorum
1075 2857 1257 2938 compositae

135 2947 230 3012 eece&
279 2945 420 3028 Itemque
442 2945 512 3010 alia
539 2943 694 3011 (ironicae
718 2946 751 3010 S.
769 2945 869 3026 Petri,
897 2965 978 3026 quoe
1001 2945 1046 3010 K.
1070 2946 1189 3012 Weuob
1218 2967 1257 3012 ee·

136 3037 239 3100 eodem
260 3035 350 3115 fonte
372 3034 519 3116 profecta
542 3055 607 3100 esee
634 3040 715 3100 recte
737 3034 858 3100 oeneuit
866 3037 887 3116 ⁴,
918 3033 956 3098 in
978 3033 1114 3100 editione
1138 3035 1256 3100 Sollen-

136 3123 206 3188 nati
234 3129 358 3188 tantum
387 3123 505 3188 omieeu
534 3143 598 3188 esse
627 3123 767 3188 conicere
790 3143 908 3204 poeeee,
939 3123 1083 3204 quamuis
1106 3123 1257 3205 profiteri

103 3233 183 3277 nne
212 3217 353 3295 oporteat
382 3211 517 3292 difficile
545 3231 594 3276 me
616 3211 734 3278 adduci
757 3233 860 3294 posse,
887 3218 922 3276 ut
945 3213 1002 3277 boo
1025 3213 1161 3277 medam.
1206 3211 1257 3278 Ae

136 3322 223 3384 enne,
252 3322 325 3367 oum
346 3301 435 3366 Anu.
460 3299 622 3384 Embord.
654 3302 692 3366 de
715 3299 814 3366 Erico
844 3322 916 3384 reqe
939 3299 1072 3366 Daniae
1101 3323 1132 3365 a.
1160 3305 1255 3364 1250.

137 3389 234 3456 meino
264 3389 385 3472 copiose
413 3389 566 3471 referant,
597 3388 715 3454 mirum
745 3395 831 3470 esset,
862 3391 946 3471 quod
970 3396 1080 3454 auctor
1102 3391 1257 3454 secundae

130 3479 237 3560 portu
263 3477 421 3545 oronnae
451 3478 485 3543 S.
509 3477 600 3544 Petri
629 3479 762 3544 eundem
784 3477 920 3543 Ericum
943 3501 973 3543 a.
994 3483 1088 3542 1256.
1112 3485 1256 3544 necatum

135 3587 200 3633 ecee
220 3567 307 3647 fuleo
330 3566 516 3648 turbessel,
540 3566 570 3632 ei
593 3567 739 3632 Annales
761 3565 923 3648 Erpbord.
948 3567 1033 3649 ipeoe
1056 3565 1188 3649 uqneu.

102 3679 127 3719 n
248 3655 325 3722 Utut
339 3657 378 3721 de
392 3655 452 3721 bae
467 3676 502 3720 re
524 3655 726 3737 iudicaverio,
750 3657 838 3737 antid
852 3676 959 3720 ornnes
981 3661 1102 3720 conciat
1122 3656 1257 3721 munim

135 3765 199 3810 ecee
215 3743 318 3827 pretii
332 3745 480 3809 Annales
496 3745 744 3827 l‘bpbordencee,
768 3743 884 3826 iniqua
906 3744 1039 3824 fortuna
1060 3744 1143 3810 male
1165 3745 1256 3812 nobie

134 3839 282 3912 servatae,
306 3853 441 3915 quorum
463 3832 524 3899 loci
546 3839 701 3899 munnae
718 3832 827 3916 portio
849 3832 957 3897 statim
980 3839 1055 3914 poet
1078 3840 1182 3917 qeetoe
1204 3855 1256 3900 ree

133 3921 245 4005 empti
258 3921 416 3988 indentur.
442 3922 530 3986 Nam
545 3943 615 3988 cum
629 3924 686 3988 neb
699 3944 729 3987 a.
746 3927 841 3986 1250.
858 3928 968 3987 auctor
983 3921 1082 3987 meum
1097 3923 1254 4005 scriberet,

134 4031 194 4092 qno
215 4010 332 4094 ieqi‘tur
355 4033 376 4076 a
391 4011 564 4076 briderieo
588 4012 761 4095 quondum
784 4012 1002 4096 imperatore,
1026 4033 1119 4076 nunc
1138 4017 1256 4078 autem

102 4223 161 4291 ml)
179 4222 253 4287 Quae
272 4222 306 4277 G.
318 4219 356 4276 Η.
372 4221 461 4286 Pente,
479 4221 527 4276 SS.
540 4221 620 4289 XVI,
642 4238 669 4290 p,
683 4223 726 4288 34,
746 4221 763 4276 l.
776 4223 812 4276 29
824 4238 872 4289 oq,
895 4221 1005 4274 munus·
1021 4237 1085 4275 mae
1102 4227 1195 4274 tenere
1212 4223 1254 4274 in·

134 4297 222 4349 mn.
296 4293 326 4363 2)
345 4293 419 4358 Quae
435 4300 460 4344 et
475 4293 603 4346 Boelimer
620 4299 644 4346 et
662 4292 741 4345 Peru
757 4295 788 4344 in
806 4298 907 4346 unum
925 4293 1076 4345 Annalium
1093 4299 1254 4360 receperunt.

134 4365 160 4430 3)
181 4365 248 4419 (lum
259 4364 412 4418 oomobium
423 4363 643 4417 Hammeum
655 4363 900 4417 Hnnmnntm'llae
916 4367 1051 4418 inmunem
1069 4379 1122 4417 me
1140 4364 1179 4415 ibi
1196 4370 1256 4416 tru-

133 4435 222 4491 datur.
295 4437 324 4504 4)
348 4435 383 4488 Ut
400 4435 449 4488 nob
466 4451 492 4489 a.
507 4436 590 4491 1228:
608 4431 671 4488 Hoc
690 4449 761 4488 enno
779 4433 876 4504 vigilie
895 4464 927 4474 -
947 4465 982 4474 -
1001 4433 1157 4488 celebravit.
