3182 4996
230 445 282 499 366
372 437 563 496 ORONIOAR
576 439 604 494 S.
614 435 732 492 PETRI
743 435 904 494 ERRORD.
923 436 1030 495 OONT.
1040 437 1062 495 Ι.
1082 439 1117 495 A.
1129 443 1205 497 1334.

143 639 220 693 1334.
336 625 461 702 Primo,
485 623 576 707 quod
604 643 673 686 non
696 620 773 684 vult
795 623 870 686 toto
892 625 1046 704 tempore
1069 642 1131 688 suo
1153 623 1343 687 Romanam

230 714 410 780 ecclesiam
432 712 488 778 vel
515 711 665 794 aliquam
696 710 799 774 aliam
830 713 951 775 contra
973 711 1121 794 aliquem
1145 712 1340 777 hominem*

230 802 443 868 materialem
473 801 628 886 gladium
657 819 814 865 exercere
844 799 899 864 vel
928 799 1042 865 iacere
1072 821 1228 884 gwerras,
1260 795 1340 866 sedb

231 912 349 956 curare
384 892 427 954 de
462 909 555 973 pace.
675 889 832 953 Secundo
866 908 937 953 non
969 888 1064 952 vult⁰
1099 890 1344 955 marescalcum

231 981 324 1045 curie
346 981 440 1044 ultra
463 999 521 1044 sex
544 997 677 1043 menses
699 977 736 1040 in
759 996 821 1040 suo
844 997 1019 1042 remanere
1037 978 1163 1054 officio,
1188 999 1231 1042 ne
1248 981 1368 1044 dura-s

231 1070 327 1134 cicne
362 1068 473 1132 multa
506 1069 646 1152 propter
680 1066 821 1130 divicias
855 1067 892 1128 in
922 1066 1116 1150 superbiam
1147 1067 1344 1132 extollatur.

230 1153 371 1222 Tercio‘1
389 1179 459 1222 non
481 1156 567 1232 vult,
592 1156 684 1240 quod
707 1154 831 1238 aliquis
855 1157 891 1219 et
913 1155 1074 1239 precipue
1097 1156 1277 1241 religiosus
1301 1158 1345 1222 ad

231 1248 361 1311 curiam
391 1267 452 1330 pro
483 1246 598 1328 aliquo
629 1243 796 1309 beneficio
824 1245 1040 1327 impetrando
1067 1245 1203 1310 veniree
1233 1267 1345 1330 presu-

231 1339 312 1412 mat,
337 1337 397 1400 sed
412 1336 505 1419 quod
521 1333 783 1417 disposicionem
806 1335 842 1397 et
861 1332 1114 1398 ordinacionem
1138 1327 1342 1419 expectents

231 1428 267 1490 et
296 1425 490 1488 sustineant
519 1423 555 1486 in
589 1421 748 1487 omnibus
782 1441 921 1486 suorum
951 1421 1166 1487 voluntatem
1201 1424 1383 1506 prelato-10

231 1536 317 1577 rum.
426 1505 580 1592 Quartod
614 1531 683 1575 non
712 1509 788 1575 vult
818 1510 1056 1594 religiosorum
1092 1512 1344 1596 appellacioues

232 1606 268 1667 et
296 1603 398 1686 fugas
424 1601 540 1666 venire
571 1600 615 1663 ad
646 1599 785 1677 curiam,
817 1600 877 1664 sed
907 1600 1176 1665 correctionibus
1206 1621 1346 1666 suorum

233 1691 442 1775 prelatorum
481 1690 665 1754 dimittere.
796 1687 927 1768 Quinto
970 1688 1191 1754 elemosinam
1229 1710 1345 1754 mense

233 1780 365 1864 papalis
388 1779 542 1858 restituit
564 1778 781 1863 pauperibus,
806 1797 872 1861 que
899 1781 981 1842 ante
1004 1799 1065 1862 per
1087 1778 1275 1844 familiares
1299 1779 1345 1843 di·

233 1869 437 1953 ripiebatur;
463 1869 505 1933 de
521 1889 589 1952 qua
603 1869 748 1952 possunt
764 1869 903 1932 centum
918 1887 1061 1952 persone
1079 1867 1173 1933 refici
1197 1867 1345 1931 multum
1358 1894 1382 1932 rs

232 1959 336 2022 laute.
428 1957 532 2024 Sexto
554 1956 744 2040 quemlibet
766 1955 941 2021 hominem
963 1959 1174 2021 arestatum⁸
1191 1958 1228 2020 in
1252 1958 1344 2022 curia

233 2047 344 2111 solvit.
454 2046 607 2130 Septimo
637 2045 796 2110 omnibus
826 2044 969 2129 prelatis
998 2045 1035 2108 in
1068 2046 1163 2110 curia
1192 2066 1253 2130 pro
1276 2046 1345 2129 qui-

233 2136 442 2219 buscumque
471 2134 623 2217 negociis
654 2133 880 2199 existentibus
907 2134 1102 2217 generalem
1127 2135 1223 2199 dedit
1247 2133 1346 2200 licen·

232 2225 320 2290 ciam
349 2223 532 2289 recedendi
562 2226 598 2289 et
627 2222 816 2306 quemlibet
839 2222 916 2286 vult
944 2223 981 2286 in
1011 2243 1073 2288 suo
1096 2223 1262 2288 beneficio
1286 2244 1345 2288 seu

181 2353 183 2358 ·
233 2313 377 2378 ecclesia
404 2313 563 2377 residere.
672 2311 802 2377 Octavo
835 2311 993 2376 omnibus
1023 2312 1155 2377 clericis
1184 2314 1222 2376 iu
1251 2312 1383 2378 curiaao

232 2394 434 2466 infirmatish
469 2401 525 2466 vel
563 2402 605 2464 de
643 2403 758 2465 cetero
795 2395 1026 2464 infirmandis¹
1068 2402 1164 2466 dedit
1202 2401 1345 2466 liberam

233 2490 437 2555 facultatem
461 2489 629 2554 condendi
651 2483 895 2564 testamencak,
920 2510 963 2555 ne
982 2490 1072 2555 bona
1095 2491 1138 2556 ab
1160 2491 1208 2556 eis
1223 2490 1347 2555 relicta
1406 2561 1410 2579 Ι

233 2573 404 2644 indebite¹
431 2598 492 2662 per
515 2577 664 2661 aliquem
694 2582 917 2662 occupentur.
1031 2578 1133 2644 Nono
1156 2580 1229 2664 ipse
1257 2600 1348 2664 papa

233 2668 379 2752 collegio
410 2667 636 2732 cardinalium
666 2667 813 2731 tradidit
842 2670 982 2732 centum
1011 2667 1107 2732 milia
1141 2668 1346 2734 florenorum

234 2760 269 2821 et
291 2756 385 2820 ultra
408 2759 473 2822 etm
496 2777 557 2841 pro
580 2776 641 2820 suo
664 2760 819 2841 ternpore
843 2757 1063 2822 medietatem
1090 2758 1288 2822 reddituum
1311 2761 1384 2821 eta

234 2848 462 2931 proventuum
482 2845 681 2930 patrimonii
700 2845 843 2911 ecclesie
861 2845 1014 2911 Romane
1037 2847 1082 2910 ad
1104 2846 1209 2910 istum
1233 2846 1345 2922 finem,

233 2938 274 2998 ut
297 2935 457 3012 creditur,
480 2955 524 2998 ne
546 2937 699 3010 teneant,
724 2935 784 2998 sed
801 2934 981 2998 dimittant
997 2933 1066 2999 alia
1081 2934 1256 3012 beneficia,
1281 2955 1347 3018 que

233 3026 375 3088 tenent¹¹
397 3024 524 3106 ubique
548 3043 609 3108 per
631 3023 749 3088 orbem
775 3026 986 3088 terrarumm.
1095 3024 1237 3088 Decimo
1260 3023 1346 3098 vult,

234 3114 325 3195 quod
348 3113 488 3177 nomina
511 3111 721 3197 Guelphini⁰
742 3115 777 3178 et
801 3110 961 3178 Gebelini
983 3113 1054 3176 sint
1077 3114 1262 3178 anathema
1284 3133 1347 3178 nec

235 3202 276 3267 ab
301 3202 416 3285 aliquo
439 3203 670 3279 nominentur,
696 3222 774 3266 cum
795 3221 866 3265 non
883 3202 953 3265 sint
975 3202 1078 3286 pacis,
1103 3201 1163 3266 sed
1179 3202 1347 3266 discordie
1358 3222 1385 3261 sc

233 3292 506 3356 incitamentum.
602 3289 787 3355 Undecimo
810 3290 896 3369 vult,
921 3292 1012 3373 quod
1035 3311 1153 3356 omnes
1177 3290 1348 3375 capellani

234 3380 288 3444 sui
321 3382 423 3444 horas
452 3379 634 3445 canonicas
664 3379 782 3443 dicant
812 3400 891 3443 cum
919 3382 1012 3458 nota,
1044 3383 1079 3444 et
1108 3380 1200 3463 quod
1230 3400 1348 3444 omnes

140 3486 169 3535 *ιτ
179 3489 223 3531 22⁴.
235 3470 408 3533 dormiant
431 3468 489 3532 *in
511 3489 581 3533 uno
611 3467 811 3532 dormitorio
835 3488 875 3533 ac
898 3468 1005 3532 eciam
1030 3469 1211 3533 comedant
1234 3489 1347 3533 coram

235 3579 290 3636 eo;
326 3559 418 3642 quod
449 3558 687 3622 dormitorium
720 3557 788 3620 iarn
824 3559 877 3622 est
909 3558 947 3620 in
978 3558 1072 3622 fierit
1107 3578 1168 3642 pro
1203 3558 1347 3632 eisdem;

233 3667 297 3712 nec
320 3647 387 3730 ipsi
410 3647 603 3730 cappellani
619 3645 799 3710 habebunt
813 3646 970 3710 redditus
992 3637 1078 3712 alios
1101 3667 1203 3730 quam
1219 3647 1385 3711 victuma

235 3755 350 3800 mense
380 3735 513 3820 papalis
543 3737 580 3801 et
608 3735 783 3800 vestitum.
829 3735 874 3798 Et
904 3735 933 3798 si
963 3735 1070 3819 aliqui
1097 3735 1268 3820 capellani
1291 3735 1349 3798 ali·

235 3824 359 3908 quibus
388 3824 465 3888 aliis
493 3825 662 3908 indigent,
693 3826 838 3908 possunt
861 3824 903 3888 ab
927 3824 1002 3909 ipso
1026 3825 1164 3890 domino
1188 3844 1277 3908 papa
1300 3844 1348 3889 re·

235 3913 369 3996 quirere
394 3915 429 3978 et
452 3933 521 3976 non
544 3913 695 3996 recipere
719 3912 869 3978 aliunde.

236 4137 257 4188 a)
271 4139 302 4176 etc
315 4137 378 4181 Lech.
392 4139 456 4181 Ocnr.
469 4139 536 4188 (bom
550 4137 622 4192 aliq.);
637 4139 751 4179 bominum
765 4141 784 4182 1.
831 4137 854 4190 b)
867 4141 899 4180 etr
912 4141 931 4182 1.
945 4140 1020 4189 Lesb.,·
1033 4141 1091 4180 bens
1105 4139 1156 4182 add.
1169 4140 1235 4182 conr.
1276 4142 1297 4186 c)
1311 4137 1351 4178 vor

236 4192 257 4234 Ιι.
271 4191 285 4233 l.
299 4195 317 4229 es
332 4191 394 4239 infra
407 4191 422 4233 l.
436 4192 468 4233 11.
483 4193 504 4231 1.
544 4191 567 4242 d)
580 4193 612 4231 εἰσ
626 4193 644 4235 1.
658 4193 735 4242 Lcct.‚·
750 4191 809 4242 quod
823 4193 873 4236 aad.
888 4193 951 4236 Gcnr.
1006 4193 1027 4242 a)
1041 4205 1099 4244 pres.
1113 4203 1162 4236 ven.
1177 4193 1240 4235 σοιν.
1247 4206 1255 4240 ,·
1270 4193 1387 4239 debesuo

237 4254 287 4286 ven.
300 4245 363 4288 Lsot.
417 4243 435 4294 l)
454 4245 485 4284 alc
498 4245 563 4288 conr.
577 4245 654 4294 [ΛΜ
675 4249 795 4295 expectant
808 4247 828 4288 1.
881 4247 905 4296 g)
924 4247 955 4285 stc
969 4249 989 4286 1.
1004 4247 1102 4296 (Lecb.),·
1122 4247 1145 4286 ln
1160 4257 1179 4290 c.
1193 4251 1273 4288 errent.
1287 4246 1351 4288 δοσιν,

237 4300 260 4346 b)
273 4299 304 4336 ric
319 4299 381 4340 conr.
396 4298 470 4346 Lect.‚·
485 4297 577 4338 lnflrmls
591 4300 610 4341 1.
663 4299 680 4348 l)
693 4300 724 4338 sic
738 4302 757 4342 1.
771 4299 847 4347 Lscb.,·
860 4299 1024 4340 lndrmsutlbus
1039 4301 1102 4343 conr.
1156 4299 1179 4348 k)
1193 4301 1224 4338 sle
1239 4301 1257 4342 1.
1272 4300 1351 4346 beot„-

238 4355 394 4391 tentamentum
408 4351 472 4394 conr.
525 4351 541 4400 l)
555 4351 586 4390 etc
600 4354 619 4395 1.
633 4353 710 4399 Lscb.,·
731 4363 772 4403 per
785 4351 815 4394 al.
829 4351 875 4394 ind.
891 4353 956 4396 Ocnr.
1009 4353 1039 4406 m)
1053 4365 1094 4396 om.
1107 4354 1173 4396 conr.
1222 4352 1245 4403 n)
1260 4357 1350 4393 teneam

236 4407 301 4447 Gour.
354 4405 376 4455 o)
390 4405 496 4454 Gelpblni
511 4405 538 4448 Ν,
547 4405 612 4448 conr.
660 4409 684 4455 p)
698 4407 725 4453 cf.
740 4405 776 4448 (Ν.
790 4403 881 4445 Arcti&
896 4407 962 4457 111,
977 4419 1002 4457 p.
1015 4407 1063 4456 469,
1082 4418 1103 4450 s.
1117 4409 1137 4446 1.
