3162 5022
284 465 338 518 250
374 457 541 514 GRONIOA
554 457 582 513 S.
592 455 708 512 PETRI
720 452 981 509 ERFORDENSIS
994 453 1083 509 MOD.
1103 457 1138 513 A.
1151 462 1334 518 1257-1261.

199 652 274 706 1257.
286 645 366 710 chin
397 643 510 708 senior
542 641 630 706 obiit
658 644 693 704 et
723 639 816 723 apud
847 638 1011 703 Sanctum
1042 639 1184 705 Petrum
1216 645 1405 710 honorifice

285 733 440 818 sepultus
464 735 525 796 est.

198 821 275 874 1259.
392 824 491 885 Auno
522 819 663 882 Domini
689 815 901 881 MOOLIX.‘²
951 815 1150 884 Gerhardus
1180 820 1405 904 Mogontiuus

156 911 464 996 (sepenmepiseopus
487 908 716 993 Erphordiam
739 906 879 970 veniens
911 907 1039 972 ibidem
1072 910 1216 972 moritur
1245 914 1281 974 et
1311 913 1404 996 apud

285 1001 435 1064 Minores
462 991 608 1062 fratresb
635 991 866 1069 tumulatur*;
899 996 973 1059 eui⁰
998 993 1230 1062 Wernhenus‘l
1257 1003 1405 1084 preposi-

284 1095 341 1153 tus
365 1087 502 1152 maioris
526 1085 668 1151 ecclesie
691 1084 864 1148 successit.

198 1186 275 1240 1260.
390 1175 560 1241 MeeLx.
608 1167 841 1238 Wernherusd
868 1173 1070 1256 Mogontine
1100 1176 1242 1242 ecclesie
1273 1179 1405 1244 electus

285 1268 427 1330 Romam
459 1263 695 1349 proficiscitur,
727 1266 768 1325 ut
797 1262 1000 1327 beneficium
1032 1265 1304 1330 confirmacionis
1329 1289 1405 1332 con·

285 1359 457 1440 sequatur.
566 1353 696 1416 Eodem
727 1371 817 1415 anno
846 1352 937 1416 inter
967 1353 1128 1418 Boemiel
1163 1362 1198 1419 et
1231 1355 1405 1438 Ungarie²

285 1465 381 1528 reges
405 1443 535 1528 grande
559 1440 688 1506 bellum
712 1441 832 1504 oritur.
871 1440 1031 1523 Ungarus
1056 1443 1213 1524 equidem
1237 1445 1402 1522 Rutenos,
1415 1470 1441 1508 ιο

286 1534 454 1598 (lomanos
485 1552 524 1595 ac
548 1531 633 1594 alias
657 1530 807 1593 diversas
836 1529 997 1594 barbaras
1021 1532 1181 1597 naciones
1205 1553 1282 1598 cum
1306 1535 1404 1598 innu-

285 1643 378 1688 mera
409 1620 633 1684 multitudine
669 1639 783 1683 seeum
819 1619 939 1683 eduxit
974 1619 1018 1683 ad
1049 1621 1206 1704 prelium.
1254 1623 1404 1688 Boemus

284 1733 364 1776 vero
395 1710 597 1774 diviciarum
627 1728 764 1772 suarum
795 1709 974 1772 thesauros
1006 1708 1176 1793 *aperiens
1205 1715 1276 1775 tam
1307 1712 1521 1797 largamos.

284 1799 453 1864 militibus
488 1797 657 1862 satellicio
690 1817 730 1860 ac
761 1797 925 1861 donativa
954 1798 1141 1871 distribuit,
1172 1801 1263 1883 quod
1294 1801 1338 1865 ad
1369 1823 1405 1868 se

283 1911 352 1953 non
391 1888 560 1952 modicam
595 1885 860 1950 Teutonicorum
899 1888 1054 1951 evocavit
1088 1887 1262 1953 miliciam.
1317 1891 1440 1955 Cumis

284 1979 391 2062 igitur
421 1998 461 2042 ex
491 1980 637 2059 utraque
667 1978 765 2059 parte
793 1975 885 2059 apud
909 1975 1042 2039 Marem
1066 1976 1208 2040 fluvium
1232 1980 1404 2044 convenis·

285 2072 361 2133 sent
392 2067 560 2132 exercitus
591 2068 626 2129 et
656 2067 768 2129 castra
795 2065 949 2130 fixissent
973 2065 1111 2142 ibidem,
1136 2087 1215 2132 ecce
1238 2089 1298 2132 rex
1321 2069 1404 2134 Boe·

283 2178 359 2221 mus
383 2156 522 2221 Ottonis
545 2153 752 2218 marchionis
773 2153 1126 2238 Brandenburgensis‚
1150 2157 1210 2240 qui
1232 2157 1344 2223 eidem
1367 2159 1403 2221 in

284 2246 493 2309 adiutorium
509 2247 660 2319 venerat,
684 2241 764 2305 utili
781 2244 998 2327 acquiescens
1021 2245 1173 2325 consilio,
1198 2246 1402 2331 quibusdam

168 2334 424 2406 (nznsaarmatis
449 2337 526 2417 post
549 2336 685 2415 tergum
709 2331 849 2404 relictis,
873 2337 1049 2416 tamquam
1073 2334 1239 2418 fugiendo
1263 2336 1401 2400 secessit
1411 2359 1438 2398 so

285 2426 482 2488 retrorsum.
522 2421 587 2484 His
612 2420 779 2502 siquidem
795 2421 876 2484 visis
893 2421 1025 2505 Ungari
1048 2425 1144 2507 quasi
1167 2425 1235 2487 iam
1260 2426 1302 2488 de
1319 2423 1401 2488 belli

210 2545 214 2552 ·
285 2511 371 2576 certi
403 2511 545 2574 victoria
574 2509 817 2573 subsannando
850 2531 888 2575 ao
919 2512 1140 2577 vociferando
1170 2533 1247 2577 eum
1278 2533 1403 2596 magna

284 2599 509 2663 multitudine
534 2597 675 2661 fluvium
692 2599 904 2663 transierunt
927 2620 990 2664 nec
1014 2622 1083 2665 non
1107 2621 1174 2677 eos,
1199 2623 1284 2685 quos
1307 2602 1402 2666 relie-

284 2693 339 2752 tos
373 2689 586 2763 invenerant,
620 2688 715 2771 gravi
749 2688 956 2754 fortitudine
991 2695 1208 2774 occupantes
1244 2712 1285 2755 ex
1319 2691 1402 2774 ipsis

285 2777 411 2841 multos
440 2776 651 2841 occiderunt.
698 2776 763 2840 His
791 2797 871 2841 vero
902 2779 1049 2862 cognitis
1078 2799 1138 2844 rex
1163 2779 1301 2845 Boemie
1325 2801 1439 2844 cumas

285 2871 360 2931 toto
383 2867 568 2931 revertitur
592 2866 745 2931 exercitu
768 2869 871 2949 atque
894 2867 986 2950 ipsos
1003 2867 1169 2951 Ungaros,
1193 2871 1251 2952 qui
1275 2869 1402 2934 fiumen

116 2924 527 3031 indilatatransieranff,
559 2955 595 3017 in
627 2975 729 3018 manu
761 2954 929 3019 conclusit
958 2957 1087 3020 hostili.
1134 2951 1300 3021 Plurimif
1334 2959 1403 3042 qui-

286 3045 364 3110 dem
387 3065 428 3110 ex
450 3045 533 3129 ipsis
551 3043 743 3126 gladiorum
768 3044 970 3108 exterminio
994 3046 1180 3129 perierunt,
1205 3068 1307 3131 quam
1331 3046 1403 3131 plu·

178 3134 362 3203 *matrimi
398 3134 515 3208 eciam,
547 3133 605 3217 qui
639 3133 833 3216 gladiorum
869 3133 1036 3217 proeellas
1067 3135 1285 3219 'effugerant
1316 3157 1404 3219 aque

285 3244 353 3287 non
378 3226 560 3288 evaserunt
583 3222 784 3306 periculum.
833 3221 916 3286 Cum
942 3223 1050 3306 igitur
1072 3245 1132 3289 rex
1156 3224 1307 3308 Ungarie
1329 3229 1439 3289 ten-so

285 3315 380 3376 tamg
406 3312 538 3376 cladem
570 3332 708 3375 suorum
739 3311 917 3395 aspiceret,
942 3333 1010 3375 non
1041 3313 1134 3376 ultra
1157 3315 1283 3378 morari
1306 3315 1403 3378 susti·

285 3421 379 3480 nens,
405 3422 482 3465 cum
505 3400 642 3464 residuo
666 3400 877 3464 exercituin
900 3399 1020 3494 fugam
1045 3394 1247 3466 conuersusll
1274 3407 1336 3468 est.

150 3495 276 3536 Cramer.
393 3485 474 3538 Anno
492 3483 603 3537 Domini
621 3482 776 3537 MOCLXI.
811 3481 896 3536 Plura
920 3484 997 3537 mdis
1020 3483 1221 3555 flagellatorum
1243 3487 1404 3556 prodierunt

285 3556 313 3608 in
335 3555 476 3611 mundum.
585 3552 717 3608 Eodem
743 3571 834 3608 anno
860 3554 972 3609 iubente
996 3573 1067 3624 papa
1085 3555 1245 3610 Alexandro
1267 3559 1403 3612 celebrata

286 3632 349 3680 sunt
367 3627 483 3680 concilia
508 3627 536 3679 in
555 3625 704 3697 Mogoncia
729 3643 745 3679 a
766 3625 877 3679 domino
897 3625 1050 3681 Weruhero
1070 3627 1272 3697 archiepiscopo
1292 3633 1320 3683 et
1338 3628 1439 3682 aliaeu

400 3822 426 3886 *)
444 3824 472 3876 Ε
489 3824 568 3880 add.:
591 3817 664 3892 quia
686 3815 748 3874 fuit
771 3815 810 3874 de
833 3816 1025 3891 professione
1049 3819 1220 3876 eorundem
1231 3813 1251 3877 ³.

286 4019 308 4066 a)
323 4017 387 4058 Anno
402 4018 564 4059 MCC⁰LV111⁰
578 4019 603 4062 s.
664 4019 687 4068 b)
701 4015 784 4059 ibidem
799 4019 850 4062 aad.
864 4019 889 4061 Ε.
943 4018 963 4067 c)
978 4020 1013 4060 cul
1027 4041 1054 4050 —
1068 4022 1176 4062 successit
1193 4026 1213 4061 ot
1231 4033 1253 4064 a.
1267 4021 1403 4063 noo-mu

286 4083 326 4114 om.
341 4071 367 4110 Ε.
422 4069 445 4120 cl)
459 4073 545 4113 wernt
560 4075 578 4115 1.
647 4075 668 4121 a)
682 4073 820 4113 transierunt
832 4073 860 4112 Β.
876 4073 962 4116 ΜΠ.
1030 4074 1047 4123 f)
1061 4075 1139 4115 Plures
1154 4076 1181 4119 Β.
1195 4076 1228 4114 ιν
1237 4075 1283 4119 111.
1337 4073 1403 4124 wic

286 4126 319 4171 12‚·
333 4125 423 4164 tandem
438 4129 460 4177 13
476 4129 546 4165 totam
560 4127 593 4166 Lr
601 4127 647 4168 111.
702 4127 725 4174 h)
738 4137 816 4166 versus
830 4127 856 4168 R.
870 4126 958 4166 ΜΠ.

287 4305 313 4369 1)
336 4300 489 4354 Ottoccrum
507 4303 546 4356 ΙΙ.
627 4305 655 4369 2)
672 4305 765 4356 Belum
784 4304 803 4356 I
805 4305 833 4359 V.
916 4305 943 4373 3)
964 4306 1005 4369 Cf.
1020 4307 1063 4360 (Ν.
1077 4307 1192 4359 Arclsiv'
1202 4305 1282 4371 XXI,
1298 4321 1328 4372 p.
1341 4307 1439 4361 494.ae

285 4373 580 4498 siudginflibiedm
605 4377 633 4427 in
661 4376 732 4430 θωπί.
757 4375 902 4442 iberica,
922 4377 964 4432 ίΙ).
985 4377 1060 4433 Chr!
1078 4377 1121 4444 ΙΙ,
1144 4395 1174 4445 p.
1193 4379 1255 4440 296,
1282 4377 1403 4429 addicite:
